3232 5148
784 372 1005 438 -2g..

303 589 459 652 compar:
488 569 582 655 Κύρν’
606 571 803 656 ἀνῐηρότερον
827 567 947 651 Theog.
972 568 1037 632 896
1062 567 1120 646 (sio
1150 568 1184 634 in
1214 568 1361 634 omnibus
1392 569 1500 634 libris

306 682 440 760 praeter
456 676 522 740 cod.
539 674 780 760 Mutinensem),
797 676 971 755 superlat:
994 677 1056 742 ἔστ’
1073 659 1273 764 ἀνῖἥροτατὸν
1291 677 1385 758 Tyrt.
1403 677 1500 758 10,4.

304 785 401 871 Κύρν’
426 785 628 870 ἀνῖηρὸτατον
646 782 791 865 Theogn.
816 782 891 848 812.
925 782 1006 848 τοῦτ’
1030 786 1232 870 ἀντηρότατον
1249 783 1394 865 Theogn.
1411 783 1500 866 124,

303 891 381 968 210,
407 890 480 973 aas,
507 889 601 969 1356,
619 888 761 954 eiusdem
780 887 909 970 scirpis:
933 875 1022 976 ανὲην
1039 890 1182 972 magn.
1200 889 1251 968 uo,
1276 893 1373 956 ανισν
1394 871 1501 966 ἀνίας

303 997 365 1062 Th.
390 997 464 1078 344,
489 985 561 1083 culp
585 996 646 1060 Th.
671 996 735 1060 872
761 994 916 1080 (lesbiaco
940 988 1050 1063 buison
1075 995 1195 1079 Sapph.
1220 996 1279 1079 1‚3.
1306 996 1344 1062 G.
1367 996 1501 1078 Meyer

305 1101 320 1141 ³
343 1107 361 1183 ξ
385 1103 448 1186 55),
472 1106 572 1169 ἀνιᾶντ
607 1087 681 1169 ἀνῖά
705 1104 763 1168 Th.
790 1102 884 1183 1032,
909 1106 1032 1169 ἀνῖᾶται
1052 1102 1125 1168 Sim.
1150 1103 1183 1168 Ο.
1209 1104 1314 1182 121,1.
1361 1106 1499 1190 ἀνῐὴσει

303 1209 403 1275 Plato
426 1210 489 1290 8,3.
535 1210 679 1296 ἀνῖὼμε9
704 1209 792 1275 Orat.
812 1210 888 1288 19,4
911 1208 946 1273 in
964 1209 1054 1276 trim.
1074 1211 1233 1296 ἀνιώμεθα
1249 1211 1393 1292 Theogn.
1409 1211 1498 1274 655.

303 1318 447 1403 ανϊήσεαι
472 1315 530 1380 Th.
550 1316 624 1396 991,
650 1303 764 1403 ἀνιῷτο
789 1315 968 1398 Th.1205;
992 1315 1238 1398 productionem
1262 1315 1499 1383 adhibuerunt

303 1425 415 1511 ἀντηρή
433 1420 503 1488 'Sol
529 1422 636 1500 13,15‚
668 1419 754 1502 ἀνίας
778 1424 922 1506 Theogn.
956 1423 1040 1488 1337
1072 1421 1125 1507 (of.
1149 1423 1201 1489 W.
1225 1422 1362 1488 Schulze
1393 1423 1494 1506 295),

303 1532 416 1616 ἀνῑήσῃ
440 1528 574 1612 Phocyl.
600 1531 650 1611 16,
676 1533 813 1617 ἀνῑῲμην
837 1530 896 1595 Th.
921 1530 995 1595 668.

396 1642 416 1702 ἀ
465 1661 492 1704 ιτ
514 1622 524 1705 i
547 1663 582 1716 ας
607 1637 687 1704 134;
718 1639 757 1702 de
781 1663 789 1703 ι
815 1636 921 1704 vocali
944 1636 1164 1719 paenultimae
1189 1637 1397 1703 Herodianus
1422 1639 1494 1713 (ed.

304 1745 537 1812 Lentu-Lehrs
562 1744 651 1830 119)
677 1743 725 1809 sic
748 1743 834 1826 agit:
869 1749 908 1810 τὰ
931 1747 973 1822 εἰς
1005 1748 1038 1830 ub
1063 1746 1281 1832 μονοσύλλαβα
1304 1746 1491 1810 ἐκτείνεται.

304 1854 419 1939 ὁμοίως
442 1857 494 1918 καὶ
519 1856 568 1919 ἐπὶ
584 1864 730 1938 γενικῆς·Ι
749 1902 755 1916 .
774 1903 781 1916 .
798 1857 837 1916 τὰ
857 1851 891 1917 δὲ
907 1854 965 1916 out
1027 1853 1074 1917 ίαν
1094 1854 1195 1918 συλλα
1219 1857 1253 1917 ’ν
1272 1853 1493 1918 συστέλλεται.

304 1959 440 2026 Θέλουσι
471 1964 505 2026 δὲ
535 1963 682 2046 πεδότριψ
714 1960 868 2034 ἐκτείνειν,
899 1960 1098 2056 Q
1124 1962 1161 2024 ἐκ
1191 1971 1245 2024 τοῦ
1273 1960 1347 2045 παρ’
1377 1960 1492 2046 Ἀρχι-

304 2069 392 2154 λόχῳ
411 2068 417 2080 ’
435 2071 547 2154 ἄνδρας
578 2066 638 2150 (sic
661 2067 700 2132 D.
732 2070 765 2130 et
788 2067 902 2146 Lehrs,
936 2067 993 2130 scd
1018 2067 1055 2130 A.
1081 2068 1115 2131 et
1137 2066 1174 2130 B.
1199 2070 1233 2130 et
1255 2067 1331 2131 Par.
1357 2070 1391 2130 et
1414 2068 1491 2132 cod.

305 2173 487 2238 Hermanni
511 2174 628 2260 ἄνδρες)
649 2175 690 2251 ὡς
707 2171 804 2258 (quod
828 2170 951 2238 delevit
966 2172 1082 2249 Lehrs,
1108 2170 1263 2236 exhibent
1287 2173 1326 2239 D.
1343 2173 1380 2237 B.
1396 2173 1489 2256 Par,

306 2281 336 2343 A
360 2283 399 2362 ἐς,
424 2281 491 2344 cod.
516 2280 698 2345 Hermanni
722 2279 775 2363 εἰς)
800 2279 983 2365 αμφιτρίβας
1007 2279 1058 2362 (Α.
1084 2278 1120 2342 B.
1143 2277 1182 2343 D.
1207 2279 1296 2358 Pan,
1325 2279 1487 2362 Hesych,

304 2387 419 2464 Lehrs,
457 2388 526 2451 cod.
564 2386 752 2452 Hermanni'
784 2386 966 2472 αμφίτριβας
1002 2381 1308 2470 proparoxytonos).
1368 2386 1488 2467 itaque

304 2495 488 2580 αμφιτρίβας
520 2497 578 2557 aut
607 2543 633 2554 -
664 2523 686 2548 ο
717 2521 739 2548 o
769 2499 793 2552 ε
818 2498 876 2557 aut
903 2542 931 2555 -
957 2523 984 2551 -ν
1013 2522 1035 2548 υ
1064 2498 1088 2554 α’
1120 2510 1220 2557 acuas
1255 2510 1390 2558 necesse
1422 2499 1487 2559 est.

303 2599 384 2664 mihi
406 2619 485 2666 vero

702 2692 814 2786 ἄνδρας
837 2691 878 2767 ὡς
902 2685 1086 2786 ἀρρριτιάς

302 2815 476 2897 legendum
496 2813 636 2892 videtur,
661 2819 698 2879 ut
714 2814 756 2880 sit
771 2813 845 2879 finis
861 2813 970 2879 iambi.
1011 2818 1164 2894 correpta
1180 2812 1266 2878 enim
1282 2811 1485 2895 paenultima

302 2932 354 3007 τρῖ
379 2920 580 2986 auctoritate
601 2921 781 2986 formarum
812 2919 972 2986 simillime
1003 2923 1215 2985 deductarum
1243 2919 1362 2984 nititur
1391 2919 1486 2986 velut

303 3029 480 3114 οἰκοτρῖβής
512 3077 539 3089 ..
562 3058 585 3083 υ
609 3057 631 3082 υ
655 3075 681 3087 -
710 3026 789 3092 brit.
827 3028 912 3108 2‚14,
948 3029 1103 3114 ἰσοτριβής
1134 3056 1157 3082 υ
1179 3056 1206 3088 -ι
1230 3055 1253 3081 υ
1275 3057 1302 3090 .ι.
1330 3027 1483 3109 Aeschyl.

303 3135 366 3216 Ag.
387 3135 483 3215 1443,
508 3136 691 3220 πεδοτρῑβής
707 3135 811 3198 Nonn.
829 3134 868 3198 D.
885 3133 918 3198 X
935 3134 1009 3214 310,
1035 3136 1211 3221 περιτρῖβής
1226 3134 1327 3198 Anth.
1338 3134 1386 3198 VI
1398 3133 1484 3216 63,6,

303 3241 444 3306 Plautus
461 3232 659 3320 ‘ulmitriba’‚
685 3259 879 3321 quamquam
903 3239 1000 3304 etiam
1025 3244 1136 3329 ἄνδρας
1160 3245 1191 3319 ἐς
1210 3231 1392 3327 οιμριτρίβαςΙ
1414 3241 1484 3323 legi

303 3351 423 3429 potest,
448 3352 486 3413 ut
510 3346 554 3412 sit
576 3345 812 3412 hemistichium
837 3347 1044 3427 pentametri.
1092 3367 1197 3430 neque
1222 3346 1364 3413 enimin
1387 3347 1483 3413 breui

303 3454 586 3536 antepaenultima
610 3453 781 3534 quicquam
806 3451 990 3518 offensionis
1012 3453 1108 3533 inest,
1134 3473 1206 3520 cum
1230 3453 1379 3519 omnibus
1402 3452 1482 3518 locis

304 3559 462 3641 antiquae
486 3567 617 3643 poeseos
638 3560 801 3644 elegiacac
825 3553 887 3625 huc
910 3561 1137 3642 spectantibus
1161 3567 1240 3625 ante
1256 3560 1392 3642 stirpem
1415 3561 1481 3648 τριβ

303 3666 520 3748 corripiatur:
540 3669 685 3750 Theogn.
703 3668 755 3748 55,
773 3669 848 3732 417.
869 3667 964 3748 1105,
981 3668 1197 3750 Ps-Theogn.
1208 3668 1282 3752 921,
1298 3666 1378 3732 Crit.
1397 3667 1480 3756 214,

303 3774 393 3839 Crat.
418 3776 471 3852 4,4
495 3775 534 3841 ci.
558 3794 624 3857 pag
650 3773 690 3839 13
715 3775 790 3840 adn.
818 3776 845 3839 1.
1163 3765 1168 3776 '
1601 3785 1602 3790 ’

395 3881 538 3948 Gravius
562 3885 611 3946 est
635 3882 720 3962 quod
738 3879 895 3963 corripuit
910 3881 1126 3946 Archilochus
1142 3880 1294 3947 vocabuli
1317 3883 1421 3968 πέρδιξ
1444 3881 1478 3946 in
1601 3897 1602 3905 ¹

303 4006 412 4052 accus.
438 3987 520 4070 sing.
544 3986 793 4069 paenultimam:
819 3987 978 4085 Q)
998 3987 1071 4069 106,
1096 4007 1180 4068 quae
1204 3987 1360 4054 accteris
1375 3989 1479 4070 poetis

395 4163 415 4233 1)
435 4163 572 4230 Syllabam
587 4165 704 4218 mediam
714 4181 826 4218 casuum
841 4165 1010 4232 obliquorum
1020 4165 1129 4234 longam
1141 4181 1199 4219 esse
1210 4165 1356 4219 observant
1365 4165 1479 4219 Choero-
1601 4155 1602 4160 ἵ

303 4253 402 4306 boscus
430 4254 512 4321 (corp.
541 4253 659 4307 Gramm.
686 4253 780 4308 Graec.
808 4254 861 4308 vol.
880 4255 928 4308 IV.
949 4254 989 4307 ed.
1018 4253 1088 4308 Alfr.
1108 4254 1226 4322 Hilgartl
1244 4254 1307 4321 Lps.
1327 4253 1396 4308 1889
1415 4269 1478 4322 pag.

303 4341 384 4410 292):
404 4344 500 4394 Ἰοτὲον
519 4346 547 4395 δὲ
571 4345 659 4394 ὅτιτὸ
679 4346 767 4406 Φοῖνιξ
791 4349 838 4395 καὶ
856 4347 944 4409 πέρδιξ
962 4348 1008 4396 καὶ
1027 4346 1110 4405 τέττιξ
1131 4342 1174 4411 (cf.
1195 4342 1296 4396 Archil.
1316 4342 1349 4397 fr.
1370 4343 1432 4411 143)
1451 4346 1479 4423 ὲ-ν

302 4434 350 4498 μὲν
375 4439 430 4494 τοῖς
448 4433 570 4500 πλαγίοις
597 4435 740 4483 ἐκτείνοντι
768 4436 798 4483 τὸ
818 4450 834 4496 ι,
854 4437 970 4485 τοοτὲοτι
995 4435 1069 4498 obest
1097 4435 1198 4498 μακρὸν
1225 4434 1288 4484 αὐτὸ
1307 4437 1431 4496 ποιοῦσιν,
1451 4442 1479 4486 et
