3232 5148
757 387 979 451 ..46-

345 585 443 666 Soph.
468 583 521 662 4,2
545 588 660 669 γυμνὸν
683 585 856 680 ἐπ-οίηΞε-χ.
877 634 907 646 ..

347 693 398 758 Jo.
424 691 476 772 1,8
496 694 566 776 πρὶν
582 693 616 756 δὲ
635 701 814 786 oQ
833 741 839 754 .
857 741 886 754 ..

348 797 509 884 (Emped.)
535 797 586 879 2‚4
610 809 715 884 φῶτας
740 799 1005 882 ἀπέστρεψεν...

298 927 331 1006 c)
344 925 480 1006 Syllaba
503 924 664 1004 producta
689 921 797 1003 posita
821 920 929 986 estin
954 921 1020 986 arsi
1045 921 1081 986 V.
1102 920 1165 987 bis:

347 1031 460 1097 Callin.
487 1031 561 1109 1,15
586 1041 676 1116 μοῖρα
689 1053 782 1126 κιχε-ιι
807 1029 938 1094 θανάτου

347 1137 454 1206 Simon
480 1137 512 1202 C.
539 1138 635 1213 1192
660 1137 739 1223 μοῖρ’
757 1140 869 1234 Q
887 1137 1028 1202 θανάτου.

386 1271 424 1336 V.
449 1270 583 1353 Syllaba
607 1271 768 1350 producta
792 1268 901 1350 posita
924 1274 976 1333 est
1000 1270 1035 1333 in
1061 1269 1156 1336 thesi

297 1395 370 1478 all.
395 1395 487 1477 pedis
509 1393 730 1459 hexametri
754 1394 867 1458 semel:

346 1504 492 1585 Theogn.
521 1501 582 1566 163
598 1504 682 1598 Q)
706 1501 764 1566 δὀἳ
789 1501 884 1586 βουλῇ
908 1500 1046 1586 τ’άγαθῄ,

298 1628 392 1714 blli.
416 1627 509 1710 pedis
532 1625 754 1691 hexametri
779 1626 876 1692 semel

347 1736 501 1818 (Theogn.
526 1733 568 1798 33
592 1737 645 1799 καὶ
673 1739 750 1820 μετὰ
760 1743 868 1832 gotero
891 1744 958 1798 πῖνε
983 1784 988 1796 .
1014 1783 1019 1796 .
1045 1785 1050 1796 .
1076 1785 1082 1820 z
1120 1731 1300 1813 [Musonius
1333 1730 1453 1798 rectius

440 1846 517 1928 μετὰ
540 1851 601 1907 τῶν
625 1843 733 1928 copel).

346 1951 490 2031 Theogn.
515 1947 577 2012 601
604 1952 682 2034 ἔρρε,
706 1949 819 2046 Q
842 1947 872 2012 τ’
897 1947 988 2033 ἐχθρὲ
1014 1997 1019 2008 .
1046 1999 1052 2009 .
1077 1998 1083 2010 .

298 2076 330 2160 c)
347 2078 371 2142 Ι.
396 2073 488 2156 pedis
512 2071 751 2154 pentametri
775 2075 860 2145 5><:

346 2184 403 2247 AS.
428 2181 447 2244 2
472 2181 566 2277 Q
588 2179 783 2261 κνισοκόλαξ,
807 2229 814 2242 .
839 2229 844 2240 .
871 2232 877 2243 .

347 2288 497 2367 Xenoph.
522 2287 575 2363 2‚8
599 2289 708 2384 Q
732 2286 788 2351 σῖτ’
814 2289 860 2371 εἴη
885 2337 892 2350 .
916 2337 954 2350 ..
1088 2323 1090 2326 -

345 2404 491 2486 Theogn.
516 2402 580 2466 622
605 2387 707 2467 πᾶοῖἶ
722 2399 921 2486 δ’άνθρὼποις
946 2454 952 2466 .
978 2454 984 2466 .
1011 2453 1015 2463 .

516 2509 581 2573 980
599 2486 716 2606 Q
733 2531 766 2573 τε
789 2510 930 2576 σπεύδειν
955 2560 961 2572 .
986 2561 992 2572 .
1019 2558 1025 2571 .

347 2616 422 2683 Sim.
446 2617 479 2683 C.
506 2616 602 2695 1062
623 2618 747 2699 (recens
771 2617 915 2684 cormeill
938 2617 1053 2713 Q
1073 2619 1213 2702 φοινίσσᾳ
1236 2667 1243 2680 .
1269 2667 1274 2678 .
1299 2668 1306 2681 .

225 2721 229 2728 ’
276 2726 388 2808 Primo
413 2727 531 2791 obtutu
547 2723 647 2788 oeulis
666 2721 808 2787 obicitur
831 2721 963 2803 saepius
986 2722 1020 2786 in
1036 2722 1251 2803 pentametris
1274 2727 1413 2788 metrum
1437 2719 1455 2790 l

278 2833 480 2917 paragogico
504 2831 631 2896 adiecto
660 2829 768 2895 fulciri
799 2848 896 2911 quam
923 2828 957 2893 in
985 2828 1193 2909 hexametris,
1225 2849 1300 2893 nam
1324 2849 1395 2894 cum
1417 2829 1451 2893 in

278 2939 478 3005 hexametris
502 2937 629 3020 syllaba
648 2936 759 3002 brevis
777 2938 819 3001 24
827 2934 879 2999 102⁵
903 2936 936 3001 in
954 2936 1021 3001 arsi
1046 2943 1079 3001 et
1102 2936 1152 3001 his
1175 2937 1208 3001 in
1233 2936 1319 3001 thesi
1335 2939 1451 3017 produ·

276 3052 374 3112 catur
405 3047 459 3130 (=
485 3041 586 3110 263³&
616 3043 655 3107 in
686 3043 950 3122 hexametris),
982 3043 1015 3107 in
1046 3043 1261 3124 pentametris
1285 3042 1390 3107 321Q
1419 3042 1452 3107 in

278 3153 346 3218 arsi
371 3158 404 3218 et
428 3149 509 3217 51⁸-sss
532 3151 566 3216 in
591 3149 677 3215 thesi
701 3154 754 3230 (z
780 3150 821 3213 37
831 3160 872 3223 ><
897 3149 936 3214 in
960 3149 1246 3230 pentametris
1264 3150 1452 3216 Archilochi

275 3261 348 3325 loco
373 3277 435 3322 non
454 3259 679 3335 adnumerato)
703 3255 783 3321 illud
805 3251 822 3323 b
845 3255 942 3319 finale
958 3256 1068 3321 versui
1085 3257 1259 3338 succurrit;
1285 3260 1342 3322 sed
1365 3259 1450 3338 quod

276 3367 378 3431 multo
408 3363 513 3447 magis
541 3363 728 3428 miraberis:
757 3382 803 3428 ex
829 3366 943 3431 altero
975 3365 1194 3447 pentametri
1221 3364 1450 3430 hemistichia

277 3473 316 3539 id
352 3490 462 3553 genus
492 3469 747 3554 productiones
776 3470 854 3538 fere
887 3474 1045 3539 remotae
1079 3472 1259 3539 ridentur.
1307 3471 1477 3549 Gallinas¹

277 3580 369 3645 solus
394 3578 554 3661 syllabam
578 3577 612 3641 in
635 3577 753 3658 quinta
784 3577 852 3644 arsi
882 3578 1080 3660 pentametri
1109 3579 1248 3661 positam
1273 3581 1451 3660 producere

273 3686 339 3752 sibi
364 3704 551 3751 concessum
576 3683 735 3751 iudicavit

690 3805 780 3880 μοῖρα
804 3796 894 3891 κίχε-ν
915 3795 1046 3859 θανάτου

275 3902 364 3980 quod
395 3900 562 3980 exemplar
581 3900 702 3980 posteri
733 3901 851 3964 crebra
888 3899 1072 3966 imitatione
1103 3903 1345 3982 expresserunt.
1395 3899 1450 3980 qni

276 4007 337 4072 hoc
353 4010 461 4070 ratum
481 4024 553 4070 esse
570 4008 801 4088 demonstrent,
817 4005 878 4086 loci
895 4006 1040 4091 (praeter
1056 4006 1129 4073 Sim.
1141 4008 1172 4074 C.
1188 4007 1294 4091 non)
1310 4011 1386 4071 sunt
1402 4007 1450 4072 hi:

345 4113 438 4194 Tyrt.
463 4113 513 4195 7‚2
538 4125 629 4200 pcipe
652 4116 734 4199 κίχοι
759 4116 899 4180 θανάτου.

346 4219 433 4285 Min.
457 4220 508 4302 oo
533 4231 623 4307 μοῖρα
646 4223 729 4306 κίχοι
754 4223 893 4288 θανάτου.

344 4326 407 4393 Sol.
433 4326 510 4407 20,4
534 4338 624 4413 μοῖρα
647 4331 730 4414 κίχοι
755 4330 894 4394 θανάτου.

430 4434 526 4517 27,18
551 4445 658 4521 μοῖραν
682 4439 748 4520 ἔχοι
773 4438 912 4502 θανάτου.
