3258 5154
627 410 847 474 -63-.-

146 624 233 686 quae
257 625 358 687 supra
374 625 449 687 pag.
466 605 508 669 62
532 605 631 670 attuli
655 605 744 692 (ἐρέω
765 604 842 689 eqs.)
867 612 1005 671 metrum
1029 607 1161 673 vocales
1177 606 1325 672 diductas

147 718 315 793 tamquam
340 732 436 778 unam
462 712 623 794 syllabam
646 711 754 777 metiri
779 718 886 796 cogat.
938 712 1053 792 itaque
1082 713 1128 778 sic
1158 715 1268 795 legere
1292 719 1325 778 et

146 819 292 885 scribere
322 823 493 901 praeopto:
535 822 595 906 ἐρῶ
632 823 712 905 φιλῶ
750 824 922 906 ὲγνιυρῶσιν
955 822 1185 907 δολοψρονεῦσα
1218 823 1324 907 φιλεῖν.

148 945 211 1008 quo
236 926 283 1004 fit,
316 929 353 991 ut
377 926 552 991 nonnullae
569 926 669 990 etiarn
685 925 902 991 difficultates
917 931 1163 992 removeantur:
1189 928 1325 992 verbum

148 1032 234 1098 enim
264 1035 341 1119 ἐρέω
372 1034 548 1114 (’narrabo'
578 1034 662 1117 74,2,
693 1034 780 1116 89,1)
810 1033 860 1098 bis
892 1032 1035 1114 positum
1071 1038 1123 1098 est
1154 1051 1212 1115 pro
1242 1035 1324 1120 ὲράω

147 1158 245 1205 sensu
276 1139 459 1205 ‘admodum
492 1139 752 1221 concupiscendi'
779 1139 878 1227 (263,
904 1138 1003 1224 683),
1036 1141 1121 1221 quod
1152 1139 1230 1204 alibi
1258 1157 1325 1204 non

44 1237 46 1244 ’
148 1245 323 1312 invenitur.
341 1246 484 1328 isinana,
506 1248 625 1328 dequo
642 1247 713 1327 ipse
729 1245 943 1312 Oasauhonus
960 1247 1015 1331 (ad
1030 1248 1191 1312 Athenae.
1207 1266 1227 1329 p
1245 1246 1324 1328 469)

148 1353 272 1418 iudicat
295 1351 402 1440 Ἓρὲω
426 1372 486 1434 pro
502 1356 585 1440 ἐράω
609 1371 691 1436 amo,
715 1353 812 1434 cupio
829 1355 1011 1435 admodum,
1037 1372 1079 1417 an
1095 1371 1249 1435 graecum
1273 1352 1325 1435 sit,

148 1458 281 1543 dubito',
305 1460 393 1524 haud
417 1459 514 1526 aliter
538 1459 685 1540 expediri
709 1459 815 1540 possit
845 1479 942 1539 quam
971 1459 1000 1524 si
1023 1459 1203 1525 scribamus
1227 1458 1324 1546 ἐρῶ.1)

239 1565 423 1632 Universus
451 1566 504 1631 hic
527 1585 605 1631 usus
636 1567 678 1630 ad
703 1570 827 1630 certam
856 1566 1003 1648 regulam
1033 1565 1181 1633 revocari
1205 1570 1323 1647 potest,

82 1752 86 1760 ,
149 1691 243 1753 quam
269 1690 329 1754 ego
354 1672 411 1738 sic*
424 1673 604 1739 constituo:

238 1779 499 1845 Archilochus
523 1786 639 1861 poeta
657 1779 788 1844 nullas
809 1778 957 1844 formas
981 1778 1134 1844 solutas
1151 1778 1323 1859 admisit,

148 1905 245 1967 quae
270 1891 393 1952 metro
413 1893 580 1970 *cogente
600 1885 810 1952 distractis
830 1885 1036 1964 vocalibus
1058 1885 1138 1968 legi
1157 1885 1324 1969 possint,
1428 1897 1430 1904 ⁴

149 1998 353 2074 exemptae
369 1999 459 2059 sunt
475 1999 636 2075 praeter
651 1992 914 2058 imitationem
928 1992 1160 2059 homericam
1175 2010 1325 2073 paucae

147 2099 305 2181 priscae
328 2099 475 2165 formae
499 2100 618 2166 sicuti
642 2101 713 2166 θεοί.
1109 2109 1111 2114 ’

236 2207 310 2272 Η66
333 2225 447 2271 norma
471 2185 879 2289 etiamlocus-iragmenti
896 2207 938 2271 68
962 2205 1107 2289 fulcitur,
1130 2205 1187 2271 ubi
1211 2207 1326 2302 Q

146 2317 315 2392 tamquam
340 2315 459 2399 διψάων
483 2319 677 2394 usurpatum
702 2318 760 2395 est,
784 2313 871 2392 quod
887 2311 966 2377 alibi
991 2331 1056 2378 non
1076 2316 1176 2376 extat.
1225 2319 1325 2392 atque

146 2411 344 2499 quamquam
357 2419 420 2485 viri
436 2420 524 2485 docti
540 2420 705 2502 corrigere
721 2427 755 2484 et
770 2419 987 2500 interpretari
1003 2419 1067 2484 alio
1083 2420 1178 2504 modo
1196 2417 1324 2483 frustra

147 2525 258 2591 conati
281 2533 367 2610 sunt,
392 2526 470 2608 quid
494 2525 624 2592 facilins
641 2526 848 2609 cognoscitur
872 2545 969 2607 quam
993 2525 1171 2591 similitudo
1196 2530 1230 2590 et
1252 2524 1323 2589 imi-

146 2632 232 2698 tatio
245 2633 402 2699 Homeri?
420 2632 462 2698 61.
480 2634 537 2700 Od.
553 2637 573 2700 λ
589 2634 654 2700 584
671 2636 790 2719 διψάων
806 2635 910 2712 πιέειν,
928 2632 1142 2712 similiterque
1159 2634 1233 2698 llh
1253 2632 1324 2696 162.

147 2739 258 2822 Quiane
289 2743 403 2826 διψέων
432 2740 507 2822 ipsa
530 2739 665 2806 Homeri
687 2739 873 2806 imitatione
905 2740 987 2805 satis
1019 2745 1052 2805 et
1081 2745 1259 2804 excusatur
1291 2743 1326 2804 et

147 2843 369 2932 explicatur.²)

239 3022 261 3092 1)
281 3023 448 3090 Quamquam
467 3024 635 3092 Hephaestio
662 3021 729 3078 dicit
752 3023 793 3092 (in
820 3023 910 3089 capite
929 3023 980 3077 XV
1003 3023 1060 3075 sive
1086 3023 1165 3087 4922
1184 3020 1243 3089 aql,
1267 3021 1325 3075 soil.

147 3127 213 3176 6666,
243 3113 290 3178 qui
309 3101 472 3180 anapaestos
493 3113 654 3169 Archilocho
674 3112 813 3168 ascribant
831 3115 896 3178 ἐρέω
916 3117 945 3165 et
965 3113 1063 3177 φιλέειν
1082 3126 1151 3178 quae
1169 3125 1217 3178 per
1236 3128 1323 3162 συνεκ-

146 3203 260 3268 φώνησιν
279 3205 316 3264 εἰς
333 3204 426 3268 ἴαμβον
449 3203 619 3257 contraxerit
642 3202 697 3256 ille.
735 3202 806 3255 Hinc
830 3200 1014 3254 deducendum
1033 3200 1088 3255 Leo
1114 3205 1206 3254 monet
1224 3199 1324 3253 Horati

146 3304 226 3342 nsum
252 3289 281 3343 in
300 3289 401 3357 epodin,
431 3290 477 3356 qui
496 3291 573 3359 2,35·;
596 3292 672 3359 5‚79;
696 3291 774 3356 1123
800 3289 900 3343 similia
928 3305 1012 3343 ausus
1037 3295 1080 3343 est
1106 3305 1166 3342 cum
1191 3289 1323 3358 ambigui-

146 3383 206 3432 tate
235 3377 327 3432 simili.
365 3378 462 3432 docent
486 3379 553 3432 haec
577 3379 728 3448 scripturae
763 3377 986 3433 consuetudinem
1017 3378 1075 3446 (εω)
1099 3377 1128 3431 in
1159 3377 1324 3431 editionibus

146 3465 268 3532 antiquis
287 3466 446 3521 obtinuisse.
757 3465 760 3471 ’

237 3555 258 3624 Ι’)
278 3555 314 3610 cf.
345 3556 441 3609 Anatr.
470 3556 512 3610 57.
542 3561 657 3624 διψῶντα
685 3565 759 3610 πιεῖν,
779 3587 813 3595 -
832 3556 865 3608 In
893 3539 976 3623 pelen
1006 3557 1073 3622 l2‚i·,
1102 3538 1252 3621 Νἶοβοὺλης
1281 3556 1323 3622 71,

147 3630 272 3711 epponem
293 3647 345 3699 112
370 3647 413 3713 (at
431 3648 464 3699 cl.
483 3645 594 3714 Krliger
611 3645 648 3700 di.
667 3647 711 3713 34,
736 3647 761 3713 3,
788 3647 815 3711 2)
836 3645 1045 3700 contractione
1064 3646 1170 3698 vocales
1193 3643 1222 3696 in
1242 3658 1323 3696 unam

146 3733 279 3800 syllabam
304 3739 441 3787 coartatas
469 3749 526 3788 esse
549 3750 652 3788 censeo.
691 3734 725 3787 of.
745 3734 789 3788 W.
809 3734 923 3787 Schnlze
951 3733 1136 3801 qu.ep.145.
1165 3732 1225 3786 519.
1263 3748 1323 3785 con·

147 3823 289 3876 tractionis
304 3823 428 3891 exempla
444 3825 533 3876 omnia
550 3820 693 3890 perhibent
707 3823 817 3876 Ranner
830 3823 968 3876 179-197
979 3828 1007 3875 et
1016 3821 1162 3876 Hoffmann
1173 3817 1323 3876 nso-500.
