3232 5148
761 394 981 458 ,42-

371 591 404 671 b)
429 594 480 657 ὅδε
504 589 577 655 dim.
600 589 697 655 iamb.
720 628 764 635 —
793 591 834 668 ὡς
865 589 950 655 trim.
974 589 1071 655 iamb.
1095 591 1137 656 86
1251 615 1380 678 συστημ.

337 727 341 736 “
427 700 506 784 ccidi]
531 695 615 762 irim.
639 696 736 762 iamb.
760 699 888 763 -ὡσεί
912 696 985 762 dim.
1009 696 1105 762 iamb.
1129 697 1171 761 97
1192 587 1210 802 l
1228 699 1261 778 ἐξ
1285 701 1414 785 ὁμοίων.

426 807 545 892 συνάγῃ
569 807 655 872 -ἐν
678 805 698 869 3

428 913 524 998 μέλεα
547 911 768 997 -Ἣφαιστος
794 911 834 975 12

428 1020 533 1105 θάμνῳ
557 1007 695 1096 ι--ἔντος
719 1018 739 1082 6

427 1127 529 1212 ἐκείνη
553 1126 719 1212 -ἐρρὲτω
744 1125 764 1188 6

429 1234 589 1318 Κηρυκίδη
607 1230 691 1296 trim.
706 1270 750 1277 —
761 1233 916 1319 ἀχνυμένη
933 1230 1140 1313 penthemim.
1151 1230 1271 1313 dactyl.
1285 1231 1328 1296 89

429 1340 587 1424 ἠθροΐζετο
612 1337 697 1403 irim.
721 1341 807 1405 -ἐν
831 1339 941 1419 penth.
966 1339 1051 1403 dact.
1078 1339 1140 1403 104

423 1447 508 1532 πόθῳ
533 1443 606 1510 dim.
629 1443 725 1510 iamb.
754 1449 928 1532 -ἄψυχος
952 1445 1068 1538 hexap.
1093 1447 1178 1510 dact.
1202 1445 1245 1510 84

428 1551 572 1638 ἀκρασίηι
596 1554 707 1632 penth.
731 1555 815 1618 dact.
839 1557 989 1639 -ἀκρον
1013 1551 1098 1616 irim.
1122 1551 1152 1616 A
1178 1551 1220 1617 10

282 1677 406 1739 neque
429 1658 624 1724 interesse
640 1658 772 1724 videtur
795 1663 884 1740 post
900 1659 1068 1740 priorem
1092 1657 1195 1741 (ὃῑθ-Πὲε
1219 1658 1271 1741 97,
1296 1657 1325 1740 6,
1349 1657 1379 1735 6,
1404 1657 1475 1740 89,

285 1766 419 1851 104)an
439 1771 527 1847 post
543 1765 709 1830 alterum
725 1763 991 1847 vorsumdQ:
1015 1765 1067 1846 86,
1084 1765 1115 1847 3,
1132 1766 1182 1843 12,
1195 1763 1349 1849 84A10)
1366 1763 1429 1828 hie
1442 1770 1471 1829 t.

373 1872 466 1956 Quae
490 1891 562 1936 cum
584 1871 634 1936 ita
658 1871 733 1956 sint,
759 1872 897 1953 primurn
917 1872 1064 1938 videmus
1087 1872 1120 1936 in
1145 1871 1208 1937 fine
1233 1870 1467 1950 uniuscunque

282 1997 398 2044 versus
422 1977 535 2063 (etiam
565 1977 696 2043 dimetri
726 1977 870 2044 iambici:
908 1979 948 2044 ci.
974 1979 1091 2045 Christ.
1115 1977 1128 2014 o
1151 1997 1225 2061 pag.
1249 1978 1315 2043 354
1340 1978 1358 2061 ὅ
1382 1976 1471 2061 414)

283 2087 325 2150 ab
341 2084 537 2150 Archilocho
553 2089 587 2150 et
602 2085 727 2150 hiatum
751 2090 785 2150 et
801 2086 962 2168 syllabam
986 2085 1163 2166 ancipitem
1184 2084 1328 2149 admissa
1344 2082 1470 2167 esse;¹)

283 2191 400 2257 deinde
425 2194 510 2273 quod
528 2191 689 2258 Christius
705 2199 798 2258 metr.
815 2191 828 2228 o
844 2212 874 2273 p.
891 2193 932 2256 41
954 2192 1086 2258 dubium
1106 2190 1238 2272 reliquit
1263 2209 1348 2256 nunc
1371 2197 1469 2254 certo

283 2304 428 2364 constat:
463 2299 741 2365 Archilochum
773 2305 812 2364 et
842 2318 971 2365 omnes
1008 2299 1207 2382 elegiacos
1240 2303 1279 2362 et
1311 2296 1465 2361 iambo-

283 2405 454 2488 graphos
511 2424 737 2471 concursum
792 2409 999 2472 earundem
1052 2403 1246 2473 vocalium
1300 2421 1467 2485 prorsus

928 966 1009 1048 eleg.

1368 1393 1480 1471 epod.

284 2511 494 2594 defugisse.
526 2512 660 2595 proinde
673 2531 752 2579 cave
765 2533 807 2578 ne
822 2513 1011 2578 Hermanno
1025 2517 1161 2578 auctore
1179 2511 1231 2597 (de
1247 2516 1340 2576 metr.
1356 2530 1386 2591 p.
1403 2508 1463 2595 81)

283 2617 317 2682 in
356 2617 498 2683 eiusdem
537 2617 661 2685 vocalis
699 2619 895 2699 repetitione
934 2619 1059 2685 hiatum
1100 2618 1181 2694 nihil
1222 2617 1296 2682 duri
1338 2617 1463 2681 hahere

283 2723 435 2805 opineris,
460 2725 655 2806 praesertim
672 2745 744 2791 curn
761 2726 857 2792 etiam
878 2728 1026 2807 exempla
1050 2745 1090 2791 en
1105 2725 1239 2792 Homeri
1264 2721 1463 2789 carminibus

284 2830 440 2916 sumpta2)
464 2850 570 2914 pauca
594 2832 668 2898 sint.

374 2937 535 3020 Quoniam
568 2939 679 3004 hiatus
720 2940 909 3023 saepissime
949 2935 966 3007 l
1009 2943 1223 3026 ἐφελκυστικῷ
1264 2943 1461 3019 removetur,

284 3045 394 3125 placet
418 3050 456 3110 ut
479 3045 637 3110 disseram

833 3244 851 3326 a
877 3243 906 3308 4.

664 3383 716 3467 de
741 3400 758 3463 ν
781 3385 1087 3487 paragogico.⁸)

390 3545 415 3609 Ι.
438 3544 569 3609 Littera
593 3570 609 3613 ν
633 3546 834 3629 paragogica
862 3547 901 3611 in
930 3566 1111 3614 versuum
1140 3548 1249 3614 exitu
1272 3549 1460 3615 admittitur

373 3670 404 3749 a)
429 3668 484 3733 uhi
508 3687 624 3736 versus
648 3673 849 3751 subsequens
874 3691 894 3736 a
917 3671 1024 3738 vocali
1048 3671 1164 3754 incipit
1188 3679 1254 3741 ter:

331 3776 384 3854 9,5
401 3776 472 3841 hex.
490 3775 665 3861 (κακοῖσιν),
692 3777 767 3858 aad
783 3781 913 3843 tetram.
933 3777 1146 3866 (παρήγαγεν),
1165 3780 1207 3845 83
1224 3780 1269 3862 (in
1284 3780 1348 3847 fine
1364 3781 1461 3863 primi

401 3880 464 3947 coli
489 3886 598 3966 ἔπινεν,
621 3883 715 3949 simul
739 3883 961 3966 interpunctio
985 3886 1137 3968 gravior).

283 4025 493 4035 ————————ae

373 4091 394 4163 1)
414 4093 480 4148 Mar.
500 4094 639 4149 Victorin:
668 4095 737 4150 scias
756 4101 849 4150 autem
867 4097 896 4150 in
915 4096 995 4150 ommi
1023 4105 1110 4153 metro
1133 4098 1308 4154 novissimam
1327 4100 1458 4168 syllabam

284 4185 428 4248 ἀδιάφορον
447 4183 475 4235 id
494 4189 537 4237 est
555 4183 755 4239 indifferentem
773 4201 841 4241 esse.

373 4269 394 4340 2)
415 4271 542 4342 Geppert‚
561 4289 585 4326 n.
604 4272 624 4326 f.
643 4291 735 4342 gymn.
755 4275 828 4328 XIX.
849 4276 909 4330 896.

372 4358 394 4428 ⁸)
413 4361 527 4415 Exclusi
545 4361 579 4416 ab
598 4362 650 4415 hac
668 4364 827 4429 quaestione
846 4380 925 4418 voces
944 4364 974 4417 iu
988 4395 1018 4403 —
1038 4367 1080 4418 θεν
1094 4373 1225 4421 exeuntes
1245 4367 1410 4438 (κατόπισθεν
1423 4369 1456 4423 81

283 4451 416 4515 ὑπένερθεν
437 4452 506 4518 ΙἾ,2,
526 4453 672 4517 ἀπόπροθεν
691 4454 760 4517 25,4,
780 4456 857 4506 ἔωθεν
876 4454 911 4508 83
930 4462 957 4507 et
978 4471 1035 4520 σφιν
1055 4456 1123 4523 74,8,
1145 4457 1195 4511 125
1215 4464 1243 4510 et
1263 4460 1349 4523 ἄμμιν.
