3232 5148
594 463 634 484 -·
681 438 719 502 51
770 387 895 527 -s,

203 634 235 699 3.
260 634 320 698 ΙΠ.
346 635 389 715 pl.
415 651 521 716 praes.
545 614 611 711 act,
635 633 771 699 allaooc'
797 632 874 710 aad
899 631 1074 717 (incertum
1098 652 1129 699 v.
1155 631 1292 715 Bergkii

259 743 342 819 adn,
366 745 456 805 recto
472 739 679 823 Meinekius).

204 849 235 912 4.
261 848 303 913 Π.
328 866 375 930 sg.
400 846 551 928 imperat.
577 865 683 928 praes.
702 845 943 929 coniugationis
965 845 999 911 in
1024 871 1108 933 -μι
1130 845 1290 911 exeuntis.

259 956 346 1020 κλῦθ’
375 955 426 1030 75,
457 955 528 1036 (hoc
557 972 655 1019 unum
679 959 804 1018 certum
827 952 958 1020 videtur
988 952 1190 1038 exemplum),
1216 951 1293 1017 libri

260 1063 358 1141 κλῦθι,
390 1060 456 1128 vid.
489 1061 507 1144 ἓ
538 1063 568 1142 3,
606 1060 633 1126 Ι.
682 1061 785 1126 dllod’
825 1060 898 1144 27,2
932 1061 1018 1140 quod
1052 1059 1293 1126 commendavit

259 1170 381 1252 Bergk,
414 1187 444 1234 v.
471 1187 580 1249 supra,
611 1186 675 1232 non
700 1166 921 1232 necessarium
952 1165 1066 1247 itaque
1090 1167 1207 1232 falsum
1232 1175 1291 1246 est,

260 1275 301 1340 cl.
328 1256 448 1353 ὀλλῦεις
480 1274 604 1340 Archil.
630 1275 833 1368 21,2(ὁμνῠε
859 1273 895 1338 in
926 1273 1027 1357 epigr.
1054 1273 1181 1340 novicio
1205 1276 1293 1354 apud

259 1382 381 1464 Bergk,
407 1401 437 1462 p.
463 1382 483 1445 l.
508 1382 543 1446 II
566 1400 641 1464 pag.
667 1381 752 1460 378.)

147 1490 183 1570 d)
208 1488 308 1553 finitis
331 1487 366 1553 in
389 1513 471 1571 -o,
495 1488 547 1552 ΙΠ
571 1507 619 1571 sg.
644 1491 788 1568 praeter.
813 1488 900 1556 med:

208 1596 348 1682 ἐτράπεθ’
374 1596 434 1679 9,8.
458 1594 551 1661 εἵπετ’
575 1594 599 1659 O
624 1595 666 1658 46
691 1593 773 1660 coni.
798 1595 874 1659 Leo.

251 1701 315 1767 Hic
340 1701 486 1767 fortasse
519 1721 584 1766 non
617 1700 738 1766 nullius
770 1700 925 1766 momenti
954 1709 1006 1766 est
1029 1700 1292 1766 animadvertere

207 1810 378 1874 Nonnum
401 1808 535 1888 eiusque
550 1807 733 1873 imitatores
752 1807 903 1874 elisiones
925 1808 1054 1874 illorum
1073 1807 1172 1873 trium
1196 1827 1293 1891 gene-

208 1936 287 1992 rum,
324 1935 407 1996 qaae
427 1905 505 1981 'huc
537 1934 640 1997 usque
664 1915 833 1996 descripsi,
858 1915 1092 1982 vocabulorum
1115 1913 1213 1996 plane
1237 1916 1292 1979 de-

207 2029 381 2101 trectasse,
417 2021 471 2108 (cf.
501 2021 652 2087 Meineke
685 2024 726 2086 ad
762 2021 887 2087 Moschi
919 2021 1009 2104 idyll.
1042 2022 1102 2087 IH.
1134 2021 1205 2087 125.
1252 2024 1291 2086 A.

207 2129 378 2208 Ludwich,
402 2128 497 2194 beitr.
522 2149 547 2193 n.
572 2130 622 2194 kr.
648 2129 677 2193 d.
702 2127 838 2193 Nonnus
861 2148 892 2195 v.
918 2130 953 2193 P.
978 2149 1008 2210 p.
1036 2129 1099 2208 16).

225 2272 282 2338 IV.
306 2270 605 2353 praepositionibus
629 2270 813 2353 disyllabis:

148 2401 185 2478 a)
209 2396 312 2462 finitis
335 2396 370 2461 in
394 2418 427 2462 a:

209 2505 281 2590 παρ’
299 2504 371 2586 321
390 2502 511 2588 (addid.
529 2504 707 2587 Hermann,
731 2503 819 2569 omis.
845 2504 946 2585 codd.)
963 2505 1033 2570 κατ’
1051 2505 1102 2569 33.
1119 2505 1170 2570 43.
1189 2505 1293 2584 1032.

210 2613 274 2697 μετ’
300 2612 385 2688 631.
412 2612 449 2676 δι’
476 2611 561 2687 843.
590 2610 653 2674 140
677 2609 790 2692 (dubia
813 2610 898 2696 fide).
925 2613 970 2677 ἀν’
996 2611 1080 2690 834.

148 2720 185 2800 h)
209 2717 311 2783 finitis
334 2717 368 2782 in
393 2743 456 2783 -ι
481 2719 549 2798 (sed
576 2723 714 2799 excepta
746 2721 814 2804 περί
838 2719 878 2781 do
897 2737 962 2798 qua
985 2717 1003 2804 ξ
1028 2720 1047 2784 3
1072 2719 1175 2785 verba
1199 2717 1293 2803 facil:

210 2827 257 2908 ἐπῗ
283 2826 334 2890 64.
361 2826 411 2889 72.
437 2826 520 2904 rho.
545 2824 627 2908 88,2.
652 2826 700 2912 ἐφ’
720 2825 803 2904 703.
826 2824 897 2890 115.
923 2824 994 2890 131.
1019 2829 1048 2889 A
1064 2826 1114 2890 13.
1138 2826 1213 2912 ἀμφ’
1231 2826 1293 2904 9,4.

209 2932 239 2996 D
264 2932 315 2998 50.

151 3038 189 3122 c)
212 3038 313 3104 finitis
336 3038 371 3103 in
395 3065 473 3104 -ο,

210 3147 262 3212 ἀπ’
288 3146 340 3229 37,
364 3147 414 3212 ὑπ’
441 3147 513 3229 123,
538 3148 589 3233 ὑφ’
609 3147 671 3211 102
697 3144 795 3232 [78,3,
819 3147 869 3233 ὑφ’
887 3149 984 3234 ἡμῶν,
1009 3146 1107 3229 plane
1122 3145 1293 3224 incertum,

210 3252 317 3318 addid.
344 3252 477 3340 Bergk]
1103 3293 1105 3298 ·

227 3395 265 3468 V.
280 3395 571 3465 ,coniunctionibus
596 3402 629 3461 et
652 3396 825 3478 particulis

153 3522 186 3600 a)
211 3519 313 3585 finitis
336 3520 370 3585 in
394 3542 428 3586 a:

212 3629 282 3693 ἀλλ’
307 3629 368 3710 4,1.
395 3627 446 3693 36.
471 3629 524 3693 47.
552 3629 615 3692 118
640 3628 779 3713 (dequo
805 3628 846 3694 fr.
865 3627 1066 3710 potissimum
1090 3629 1295 3709 disceptatur

211 3741 245 3798 et
269 3735 463 3818 dubitatur).
488 3737 536 3822 ἆρ’
561 3736 644 3818 86,2.
669 3737 752 3819 835.

118 3947 257 4000 varietata
276 3946 411 4015 lectionis)
432 3947 460 3999 in
479 3947 557 4001 exitu
575 3947 733 4016 hexametri,
753 3946 799 4000 ubi
818 3955 847 4002 et
861 3949 994 4002 Homerus
1013 3947 1126 4002 formam
1146 3948 1295 4017 longiorem

117 4035 268 4104 adgnoscit
287 4036 337 4103 (La
356 4034 446 4088 Roohe
464 4035 489 4088 h.
509 4050 535 4089 u.
555 4053 581 4104 p.
601 4036 635 4091 83
654 4036 704 4104 sq.)
724 4044 753 4089 et

335 4129 444 4206 Q
455 4168 460 4178 .
481 4167 486 4178 .
508 4168 513 4178 .
536 4170 540 4180 .
561 4126 582 4177 Β
602 4127 619 4180 9
638 4125 734 4194 (chart.
748 4125 911 4196 Reitzenst.)
931 4125 1009 4180 initio
1029 4125 1155 4180 trimetri.
1175 4157 1209 4164 —

211 4232 401 4285 Semonides
437 4231 552 4286 formam
583 4232 732 4286 breviorem
766 4233 910 4301 adgnoscit
940 4234 1025 4288 solam
1057 4235 1138 4302 (atr.
1163 4233 1232 4302 84.);
1266 4232 1296 4285 in

120 4321 349 4388 Hipponactis
373 4321 530 4376 choliambis
549 4338 633 4375 unum
657 4321 809 4389 exemplam
828 4322 938 4376 obvenit
956 4322 1000 4392 (ir.
1019 4321 1054 4375 64
1073 4321 1242 4376 Hill.·Crusii
1260 4342 1295 4370 =

122 4410 191 4463 23A
210 4408 377 4479 Hoffmanni)
397 4414 497 4463 ἐκεῖνον
517 4411 588 4478 quod
607 4411 837 4465 Hoersohelmann
856 4428 890 4466 ex
908 4411 1007 4466 codicis
1027 4412 1161 4480 scriptura
1180 4415 1296 4464 ἐκτεῖνον

121 4499 252 4554 restituit.

1156 4608 1189 4660 4*
