3232 5148
631 395 851 460 ,39-

262 561 450 691 Ne-ilffirrl
474 605 626 679 προχοῇσι
651 592 712 657 Sol.
737 592 778 656 28

263 695 386 823 QiQ
406 730 594 805 ἀκούσαντες
618 727 711 808 Tyrt.
735 727 798 809 4,1‚

154 832 187 898 iu
208 833 396 898 Archilochi
419 832 564 913 reliquiis
589 834 770 914 exemplum
792 832 915 898 nullum
939 837 1041 909 extat,
1068 831 1216 913 protecto
1240 830 1331 897 casui

154 940 296 1018 tribuas;
327 941 384 1005 sed
408 939 596 1038 sententiae
627 957 719 1004 meae
743 959 877 1020 prorsus
907 941 1082 1020 respondet
1113 937 1170 1003 illa
1194 940 1329 1019 penthe-

153 1047 303 1112 mimeres
327 1045 505 1128 dactylica:

535 1137 656 1222 ῥόπτρῳ
681 1138 871 1223 ἐρειδόμενον
896 1133 948 1211 90,

154 1244 293 1306 quacum
318 1223 468 1289 conteras

267 1317 275 1346 l

262 1351 363 1436 ἡσθᾶι,
388 1354 465 1435 ἀτὰρ
490 1351 623 1435 πόλεμος
647 1349 760 1414 Gallio.
786 1350 838 1429 1‚4
862 1355 949 1430 pent.

261 1441 374 1560 Moipbir
398 1475 594 1540 ἐπικλώσωσ’
621 1473 734 1539 Callia.
760 1474 811 1550 1‚9
835 1479 923 1554 pent.

262 1566 352 1678 δεῖξὲι
377 1600 521 1686 ἀληθείης
546 1598 607 1663 Sol.
634 1597 708 1675 10,2
733 1606 821 1678 pent.

260 1690 365 1811 χ111ρδυ
390 1725 443 1810 ἀφ’
468 1722 659 1824 Ἑσπερίδων
682 1722 793 1789 Mimn.
819 1723 890 1826 1238
915 1726 1002 1804 pent.
1086 1737 1089 1744 “

155 1849 239 1910 quae
270 1835 348 1896 suut
378 1831 527 1911 exempla
554 1830 698 1895 hiatus
726 1828 939 1895 trochaici
970 1829 1076 1895 omnia
1106 1847 1146 1893 ex
1178 1827 1331 1910 elegiacis

155 1936 395 2017 antiquioribus
419 1943 559 2018 sumpta.
605 1938 650 2001 In
673 1935 845 2002 diaeresi
868 1935 1069 2018 dactylica
1092 1935 1183 2016 pedi
1206 1934 1331 2015 primo

156 2042 239 2109 sive
262 2042 482 2108 hexametri
507 2042 582 2128 (3,5)
607 2042 691 2110 sive
715 2043 921 2124 utriusque
945 2041 1187 2123 pentametri
1210 2041 1331 2106 hemi-

155 2149 291 2215 stichii
311 2149 383 2233 (32.
408 2151 473 2233 6,4;
498 2149 560 2226 9,2.
585 2150 649 2234 6,4)
674 2155 712 2214 61
736 2155 877 2230 quarto
902 2147 1120 2213 hexametri
1143 2147 1218 2232 (3‚1.
1246 2148 1330 2230 13,1.

155 2256 219 2348 2,t.
251 2256 315 2335 6,1.
347 2256 414 2341 9,9)
447 2260 486 2320 61
518 2255 649 2321 rarius
680 2255 817 2335 quinto
848 2253 1067 2320 hexametri
1090 2253 1171 2339 (3,3)
1197 2273 1331 2319 conee-

156 2362 271 2428 ditur.
311 2369 352 2427 at
369 2382 545 2443 nunquam,
564 2363 626 2427 etsi
644 2380 754 2429 omnes
769 2361 931 2444 elegiacos
949 2360 1212 2442 perlustraveris,
1231 2362 1332 2426 talem

155 2470 301 2536 vocalem
317 2471 448 2552 longam
472 2471 524 2536 vel
544 2469 781 2552 diphthongum
805 2469 839 2534 in
858 2469 944 2534 thesi
963 2470 1155 2549 productam
1174 2467 1332 2533 invenies.

155 2595 231 2640 nam
253 2577 398 2659 Theogu.
424 2578 488 2642 288
512 2587 611 2643 ouem
635 2579 670 2659 ot,
695 2576 748 2640 cui
773 2577 899 2642 medela
922 2578 964 2641 ad
987 2577 1021 2641 id
1047 2581 1175 2655 tempus
1200 2579 1333 2656 reperta

156 2701 220 2746 uon
245 2689 304 2763 est,
329 2683 481 2748 indoctae
505 2687 653 2749 veterum
676 2682 883 2748 librariorum
906 2682 1136 2765 neglegentiae
1158 2681 1332 2762 debetur.¹)

233 2807 319 2873 JIV.

244 2913 371 2996 Quarto
396 2913 496 2978 etiam
520 2930 677 2978 caesurae
701 2912 750 2979 vis
781 2918 814 2977 61
849 2931 959 2977 arseos
993 2913 1033 2977 ad
1065 2911 1190 2977 hiatum
1223 2910 1333 2976 delen·

156 3021 294 3086 dandum
328 3019 460 3086 sufficit.
526 3021 582 3085 sed
616 3018 672 3085 ubi
704 3019 841 3100 primum
876 3018 943 3085 eius
977 3019 1125 3100 exempla
1158 3020 1200 3084 ad
1233 3037 1333 3082 unum

156 3127 265 3192 omnia
298 3146 338 3192 ex
366 3126 558 3211 Theognide
591 3132 624 3192 61
654 3126 890 3208 posterioribus
923 3131 1053 3207 sumpta
1083 3144 1155 3194 esse
1190 3125 1333 3191 animad-

155 3233 305 3316 verteris,
329 3231 535 3313 Archilocho,
563 3233 618 3314 qui
641 3234 709 3298 tale
733 3233 808 3315 quid
832 3252 964 3315 prorsus
988 3233 1084 3315 iugit,
1110 3237 1144 3297 et
1173 3232 1332 3313 antiquio-

155 3340 246 3404 ribus
271 3340 456 3422 elegantiae
486 3345 519 3405 te
544 3343 696 3406 daturum
726 3343 831 3406 credo.
884 3341 1071 3424 fragmenta
1104 3359 1188 3421 quae
1217 3345 1333 3404 extant

156 3447 307 3512 celeriter
331 3466 527 3528 percurrens
551 3448 683 3516 enotavi
706 3448 785 3513 mihi
809 3449 907 3513 haec:

246 3557 356 3620 πολλοὶ
378 3560 438 3641 γὰρ
463 3558 630 3622 πλουτοῦσι
654 3557 757 3638 κακοί,
781 3553 791 3642 ll
814 3557 923 3642 ἀγαθοὶ
939 3557 982 3621 Γδέ
1005 3557 1146 3621 πένονται
1170 3554 1234 3619 Sol.
1260 3553 1330 3636 15,1

156 3659 211 3746 (=
237 3662 356 3742 Theog.
381 3660 460 3746 314)
485 3660 519 3726 in
543 3679 680 3726 caesura
704 3661 980 3743 semiseptenaria.

245 3769 330 3833 ταῦτ’
361 3771 477 3854 ἐσορῶν
507 3770 617 3856 κραδίῃ
641 3765 650 3854 il
676 3767 710 3833 εὖ
743 3770 886 3855 πείσομαι
905 3760 1072 3832 “incisione
1103 3764 1334 3846 semiquinaria

156 3874 300 3954 Theogn.
325 3874 400 3953 977,
429 3873 485 3938 ubi
513 3873 636 3938 rectius
666 3872 701 3938 iu
725 3874 904 3940 Mutinensi
934 3873 1018 3939 libro
1051 3874 1179 3960 κραδίην
1203 3872 1333 3954 legitur.

244 4013 266 4084 1)
286 4015 327 4068 De
346 4014 465 4068 hiatus
489 4014 632 4082 debilis,
657 4030 736 4082 quem
754 4021 861 4082 vocant,
886 4030 938 4069 usu
962 4031 1004 4082 ap.
1024 4014 1172 4068 Homerum
1195 4021 1223 4068 61
1242 4029 1333 4068 omnes

155 4104 289 4173 elegiacos
317 4120 429 4174 graecos
458 4119 562 4157 summa
590 4120 651 4158 cum
679 4104 824 4173 diligentia
847 4104 906 4174 egit
933 4104 1031 4169 Lucas,
1062 4107 1097 4156 st.
1126 4103 1236 4172 theogn.
1264 4103 1333 4157 1893

155 4209 180 4261 p.
194 4192 309 4261 45-70,
323 4197 352 4248 61
365 4192 456 4246 omnia
469 4192 595 4257 absolvit,
616 4192 664 4246 sed
676 4209 798 4263 repugno
811 4194 870 4248 viro
883 4193 1047 4261 doctissimo,
1068 4192 1100 4245 de
1113 4194 1228 4246 raritate
1241 4190 1333 4244 hiatus

155 4281 287 4335 trochaici
305 4298 346 4351 ap.
358 4281 494 4350 elegiacos
512 4281 683 4348 antiquiores
703 4283 739 4350 (p.
753 4282 797 4351 60)
817 4297 898 4349 quam
916 4286 998 4336 ‘mero
1017 4283 1100 4336 casui'
1120 4281 1240 4335 tribuere
1259 4279 1320 4333 vult
1326 4298 1333 4347 ;

155 4387 180 4425 v.
200 4370 271 4424 intra
297 4387 365 4439 quae
391 4372 424 4426 de
450 4372 607 4426 hexametro
632 4372 779 4440 disputavi.
800 4401 833 4411 -—
852 4371 884 4425 de
910 4389 951 4423 τοι
970 4371 1004 4425 cf.
1024 4372 1050 4426 J.
1071 4372 1111 4425 La
1129 4371 1227 4437 Roche‚
1254 4377 1332 4423 metr.

156 4475 212 4514 exc.
233 4476 256 4513 z.
275 4460 353 4513 Hom.
373 4461 402 4514 H
421 4478 445 4529 p.
467 4463 536 4515 r-9
555 4461 594 4530 (in
614 4462 694 4516 ‘stud
715 4460 839 4515 Vindob'
860 4461 947 4530 1896).
