3232 5148
671 1229 743 1311 §1-

120 1393 184 1474 lle
198 1388 563 1493 productionibus
578 1389 622 1471 et
638 1387 991 1490 correptionibus
1007 1388 1109 1470 ante
1126 1390 1296 1471 mutam
1314 1359 1319 1368 ⁸

548 1533 648 1595 cunr
676 1509 883 1614 liquidas)
1315 1519 1317 1526 ’

210 1693 394 1758 Licentiam
410 1692 574 1772 quandam
591 1689 694 1756 fuisse
718 1689 824 1771 poetis
839 1689 938 1756 certis
953 1691 1080 1774 legibus
1100 1695 1133 1756 et
1148 1691 1296 1756 ternrinis

121 1799 400 1880 circumscriptam
424 1798 458 1863 in
483 1796 615 1862 utendis
643 1797 712 1864 sive
743 1797 850 1880 longis
883 1796 953 1862 sive
981 1796 1135 1864 brevibus
1158 1797 1295 1881 syllabis

120 1911 231 1971 mutae
253 1893 460 1986 liquidaeque
485 1922 647 1969 consonae
671 1922 829 1969 concursu
851 1903 1047 1990 productis2)
1071 1903 1158 1969 inter
1185 1923 1295 1970 omnes

121 2018 262 2077 constat.
306 2017 405 2092 atque
421 2017 597 2094 postquam
608 2009 857 2104 quaestionibus
869 2010 1015 2078 uirorum
1031 2010 1294 2077 doctissimorum

120 2119 144 2184 J
146 2118 239 2185 acobi
262 2119 313 2183 La
336 2119 446 2183 Roche
470 2121 504 2182 et
522 2116 667 2182 Hartelii
690 2118 730 2182 de
753 2135 816 2182 usu
834 2117 1005 2183 Homerico
1030 2117 1212 2197 quaesitum
1237 2123 1294 2202 est,

121 2226 143 2292 J
146 2227 288 2291 ohannes
311 2224 451 2305 Rumpel
481 2225 522 2289 de
545 2223 673 2289 ratione
703 2241 799 2304 quam
827 2229 946 2304 po'e'tae
970 2224 1099 2308 tragici,
1129 2226 1295 2289 Arthurus

120 2332 280 2398 Ludwich
303 2332 343 2396 de
366 2350 406 2396 ea
422 2350 519 2412 quam
535 2331 672 2396 Nonnus
690 2337 822 2396 secutus
846 2334 905 2409 est,
930 2330 1179 2414 diligentissime
1196 2331 1294 2396 disse-

120 2444 267 2520 ruerunt,
293 2438 426 2504 Carolus
443 2437 563 2504 Goebel
580 2435 629 2503 ‘de
647 2437 855 2518 correptione
871 2436 985 2502 attica’
1001 2443 1116 2519 politas
1132 2438 1294 2521 elegiacos

120 2544 154 2610 iu
179 2563 315 2610 examen
334 2544 478 2624 vocavit,
503 2544 579 2610 novi
603 2543 659 2611 vix
683 2544 855 2625 quicquam
879 2545 919 2608 de
933 2544 1122 2610 Archilochi
1144 2563 1204 2609 usu
1229 2544 1293 2610 dis-
1323 2559 1326 2568 ’

120 2650 232 2733 putari
247 2670 341 2733 posse
358 2651 511 2732 opineris.
556 2653 614 2716 sed
629 2670 701 2716 cum
716 2651 901 2716 Archilochi
915 2651 1075 2731 exempla,
1092 2669 1176 2731 quae
1192 2651 1294 2716 solum

121 2777 161 2822 ex
195 2757 306 2840 elegiis
343 2765 474 2837 sumpta
514 2762 611 2822 erant
647 2756 805 2839 neglectis
838 2756 963 2836 iambis,
1003 2757 1109 2822 adhuc
1148 2757 1294 2824 breviter

120 2864 297 2945 perstricta
325 2862 401 2943 sint,
430 2862 480 2927 ita
507 2866 545 2927 ut
573 2862 680 2927 omnia
708 2863 875 2927 exhauriri
903 2882 968 2928 nou
996 2867 1141 2947 possent,
1175 2882 1293 2945 operae

121 2969 261 3052 pretium
283 2969 362 3034 mihi
385 2968 490 3037 uisum
514 2973 564 3034 est
586 2987 684 3036 voces
708 2987 792 3049 quae
822 2970 886 3034 huc
909 2968 1076 3050 pertinent
1103 2969 1293 3056 singillatim

121 3075 246 3160 afferre,
283 3075 401 3158 quibus
430 3075 577 3141 collectis
611 3081 645 3141 et
673 3075 887 3156 pertractatis
919 3076 1076 3141 nonnulla
1106 3076 1294 3142 accuratius

121 3183 272 3266 cognosci
295 3201 390 3264 posse
413 3201 519 3264 spero.

208 3358 229 3428 1)
248 3359 380 3414 Adhibita
398 3365 477 3413 srrnt:
506 3357 606 3426 Christ,
626 3364 703 3414 metr.
723 3360 748 3414 d.
768 3375 810 3428 gr.
829 3376 855 3413 u.
875 3363 941 3414 rbm.
956 3376 981 3428 p.
1000 3361 1033 3413 12
1053 3376 1117 3430 sqq,
1136 3361 1165 3415 G.
1185 3361 1291 3425 Frcese,

121 3452 239 3517 gurim.
259 3453 337 3504 metr.
357 3464 382 3516 p.
402 3449 445 3516 28,
474 3448 582 3516 Goebel,
608 3449 640 3502 da
664 3464 731 3502 corr.
752 3454 804 3502 att.
823 3465 848 3517 p.
872 3449 968 3515 1-18,
991 3448 1186 3516 Hephaestion,
1210 3449 1291 3502 schol.

119 3554 144 3605 p.
156 3537 208 3591 100
220 3536 270 3607 (ed.
282 3537 447 3606 Westphal),
461 3537 492 3591 G.
506 3537 655 3605 Hermann,
669 3538 702 3591 (le
715 3537 811 3591 metris
824 3537 858 3591 68
871 3554 936 3606 sqq,
950 3538 982 3592 el.
997 3538 1080 3592 doctr.
1094 3554 1128 3591 m.
1143 3554 1167 3605 p.
1180 3538 1215 3591 44
1228 3553 1292 3604 sqq,

122 3625 186 3680 Otto
205 3625 360 3692 Hoffmann,
379 3625 433 3678 ion.
453 3627 516 3680 dial.
537 3626 606 3680 1898
621 3643 645 3694 p.
661 3626 722 3682 580.
736 3627 788 3682 584
807 3643 870 3694 sqq,
890 3625 921 3679 L.
941 3626 1048 3694 Miiller,
1068 3631 1145 3680 metr.
1165 3626 1191 3680 d.
1210 3642 1250 3694 gr.
1264 3641 1291 3680 u.

120 3730 141 3768 r.
161 3715 195 3769 54
214 3729 279 3782 sqq,
299 3714 415 3781 Renner,
444 3715 477 3768 de
506 3714 621 3770 dialecto
650 3714 754 3782 antiqu.
783 3731 824 3784 gr.
844 3729 916 3782 poes.
936 3715 1006 3783 eleg.
1033 3723 1061 3768 et
1088 3715 1169 3769 iamb.
1197 3715 1290 3781 1178,

120 3803 256 3857 Johannes
275 3803 400 3870 Rumpel,
426 3819 468 3872 qu.
488 3810 566 3858 metr.
585 3803 600 3856 I
617 3819 680 3873 pag.
700 3805 726 3870 2,
750 3803 794 3858 W.
814 3803 935 3872 Schulze,
954 3819 998 3870 qu.
1018 3818 1067 3871 ep,
1096 3803 1128 3855 R.
1147 3802 1291 3870 Westphal

120 3908 146 3945 u.
165 3891 313 3962 Gladitsch,
343 3892 408 3962 alig.
428 3898 505 3946 metr.
534 3892 560 3946 d.
588 3908 629 3961 gr.
648 3910 666 3961 p
686 3894 738 3948 104
762 3909 826 3960 sqq,
854 3908 879 3946 v.
899 3890 1291 3961 Wilamowitzilioellendoril,

119 3981 190 4035 hom.
209 3988 310 4036 unters.
330 3983 390 4049 324,
410 3980 544 4049 Spitzncr,
564 3982 698 4051 Kruegor,
718 3981 843 4051 Hilberg,
862 3979 1000 4045 Ludwich¹
1020 3980 1065 4033 all.

207 4067 230 4137 2)
250 4069 289 4123 Oi.
309 4070 376 4124 liar.
394 4070 529 4124 Victoriu.
549 4072 592 4135 31,
614 4071 686 4124 Mall.
707 4070 807 4124 Theod.
827 4071 872 4124 lib.
892 4069 925 4123 de
944 4085 978 4125 m.
998 4069 1050 4124 587
1070 4069 1118 4139 (Κ)
1137 4068 1170 4122 de
1190 4071 1291 4124 talibus

120 4159 241 4227 syllabis,
260 4174 327 4226 quas
341 4159 438 4214 Graeci
454 4163 546 4222 καινάς
559 4164 667 4224 vocant,
687 4159 828 4228 Longinus
843 4158 1015 4227 philosophus
1035 4158 1157 4212 decumae
1166 4158 1290 4226 Hephae-

120 4247 234 4301 ationem
246 4247 313 4302 haec
325 4247 454 4302 tradidit:
474 4250 501 4300 ἓν
518 4248 587 4312 εἶδος
604 4255 649 4315 τῆς
668 4255 757 4315 κοινῆς
768 4248 833 4302 εἶναι
847 4251 876 4299 τὸ
894 4250 963 4313 ἔχειν
980 4252 1026 4299 καὶ
1036 4248 1158 4298 bisacias
1168 4249 1291 4314 βραχεῖαν

121 4333 198 4388 οὖσαν
217 4341 254 4400 εἰς
275 4341 377 4404 μακρὰν
396 4339 650 4403 παραλαμβάνεσθαι,
674 4340 691 4403 ἢ
710 4339 819 4403 ἔμπαλιν
838 4340 868 4389 τὸ
888 4338 1008 4388 cassabat
1032 4339 1134 4402 μακρὰν
1154 4333 1233 4387 οὖσαν
1253 4341 1289 4399 εἰς

121 4428 250 4492 βραχεῖαν.
269 4426 304 4494 (p.
324 4428 357 4480 ei
378 4426 513 4495 Westph.)

1168 4533 1182 4583 i
