3232 5148
631 395 853 458 -43-

201 592 235 677 b)
260 590 315 656 ubi
339 589 441 655 maior
464 589 686 671 interpunctio
710 593 760 654 est
784 586 877 657 5³2⁰&

308 699 348 762 16
372 699 444 762 hex.
467 696 635 782 (diducta),
661 698 704 762 64
722 688 861 762 tetram.
879 697 1070 784 (dcccdccc),
1098 697 1173 778 703
1203 702 1333 763 tetram.

378 803 568 891 (impacta),
608 804 664 868 831
681 803 853 886 ithyphall.
894 804 1101 892 (βακχίῃσιν.),
1141 804 1204 870 138
1235 803 1333 871 iamb.

379 913 583 997 (autopat).
1302 936 1305 942 ·

201 1016 231 1102 c)
256 1024 330 1099 post
345 1018 501 1083 leviorem
513 1017 821 1101 interpunctionem,
845 1017 901 1083 ubi
917 1017 950 1082 in
972 1017 1037 1083 fine
1053 1036 1177 1083 comma
1192 1017 1334 1099 positum

261 1130 318 1190 est·
334 1124 399 1192 bis:

306 1232 530 1312 59,1tetram.
557 1230 667 1317 (acciu,
693 1232 735 1297 ad
760 1234 978 1313 separandum
1002 1231 1177 1298 relativum
1199 1231 1333 1297 enunti-

378 1338 492 1423 atum),
525 1338 602 1406 1032
628 1337 713 1404 trim.
738 1345 802 1405 cat.
827 1342 916 1420 epod.
942 1338 1070 1425 (ἔχευεν,
1099 1343 1177 1404 ante
1201 1339 1332 1404 addita-

376 1451 522 1510 mentum
546 1444 735 1527 participii).
1081 1443 1085 1454 “

200 1551 235 1636 d)
259 1552 349 1616 nulla
373 1571 477 1634 pausa
501 1551 652 1617 adhibita
677 1551 839 1617 rarissime
863 1552 977 1619 semel:

307 1661 378 1736 11,1
404 1660 477 1743 hexq.
503 1658 724 1746 (πελάγεσσιν).
994 1667 996 1672 ’

242 1764 327 1830 Casu
350 1765 482 1832 videtur
499 1765 666 1848 accidisse,
690 1767 776 1846 quod
800 1766 933 1830 nullus
957 1765 1132 1830 trimetri
1155 1765 1215 1832 vel
1241 1784 1333 1846 pen-

149 1871 314 1936 tametri
346 1870 474 1936 exitus
503 1871 618 1936 littera
642 1897 657 1938 ν
681 1871 880 1955 paragogica
905 1873 1084 1937 adornatus
1108 1877 1160 1938 est
1184 1871 1334 1937 velutin

150 1976 311 2043 trimetris
335 1978 458 2044 Semon.
482 1979 565 2058 1‚23.
593 1978 655 2057 7,5.
683 1980 765 2062 14‚1.
793 1979 877 2057 16,1.
903 1981 955 2044 21.

261 2085 304 2150 Π.
326 2086 369 2149 In
394 2085 530 2151 mediis
553 2085 736 2152 versibus
761 2085 881 2169 duplici
905 2086 1000 2176 modo
1026 2085 1202 2152 adhibetur

200 2195 232 2273 a)
257 2191 304 2256 ad
327 2191 476 2257 hiatum
499 2192 784 2273 prohibendum
811 2190 926 2259 teir-¹¹⁸:

260 2303 313 2363 ter
336 2299 369 2363 in
393 2299 592 2364 hexametris
616 2304 649 2364 et
674 2300 890 2381 pentametris
915 2301 977 2377 9,4.
1006 2302 1079 2377 1212
1106 2299 1191 2386 (bis),
1252 2321 1253 2324 ¹

261 2404 456 2486 quinquiens
480 2405 514 2470 in
538 2405 697 2472 trimetris
721 2407 806 2484 mn.
833 2407 917 2488 25‚4.
944 2408 1029 2488 843.
1056 2408 1141 2492 97‚3.
1169 2409 1244 2492 125,

260 2492 378 2593 quater
400 2512 434 2577 in
458 2513 660 2578 tetrametris
677 2514 760 2596 66,3.
786 2514 815 2578 6.
840 2514 923 2596 70,3.
948 2515 1033 2591 tal,

260 2619 358 2684 semel
381 2619 414 2684 in
438 2621 600 2701 penthem.
627 2621 747 2703 dactyl.
774 2623 801 2685 B
826 2622 855 2684 4.

200 2725 232 2810 b)
257 2728 304 2791 ad
328 2726 563 2807 positionem
585 2729 625 2792 in
648 2729 722 2793 arsi
747 2727 1004 2793 efficiendam
1030 2725 1123 2793 Q:

261 2835 359 2898 semel
382 2833 416 2898 in
441 2833 543 2898 tertia
567 2833 634 2898 arsi
658 2835 857 2915 pentametri
881 2837 900 2899 7
926 2818 1141 2923 (δυσμενὲσῖν),

265 2940 363 3004 semel
385 2939 420 3004 in
445 2940 551 3021 prima
576 2939 717 3005 trimetri
741 2940 808 3005 arsi
832 2942 859 3006 B
885 2944 914 3022 5,

258 3045 452 3127 quinquiens
476 3047 510 3111 in
535 3051 803 3112 tetrametrorum

262 3156 406 3218 secunda
430 3153 507 3234 arsi,
533 3154 646 3219 semel:
674 3155 746 3238 74,6
771 3140 952 3244 (artopticio),

260 3259 361 3325 tertia
385 3261 463 3340 arsi,
488 3261 552 3328 bis:
577 3262 654 3341 562
679 3249 855 3351 (dpdodoiv),

578 3370 653 3446 66,6
679 3355 870 3459 (χαρτοῖσῗν),

258 3479 353 3538 sexta
377 3474 453 3553 arsi,
478 3474 541 3541 bis:
566 3478 641 3554 54‚1
667 3462 834 3565 (κύμασῖν),

460 3563 467 3578 ’
567 3584 640 3665 aar
668 3568 826 3671 (aquato,

259 3706 424 3767 nunquam
448 3687 481 3753 in
506 3689 635 3756 arsibus
659 3692 931 3776 hexametrorum,
955 3696 1041 3774 quod
1065 3694 1228 3775 paucitati
1255 3694 1333 3760 reli-

260 3792 410 3873 quiarum
434 3793 570 3861 tribuas,

203 3901 231 3982 c)
256 3901 302 3964 ad
347 3901 585 3981 positionem
629 3906 669 3970 in
716 3905 813 3972 thesi
864 3907 1016 3989 dactyli
1063 3908 1331 3976 efficiendam:

258 4025 424 4087 nusquam.

314 4112 406 4195 Quae
419 4133 459 4179 ex
472 4116 591 4182 ceteris
602 4118 843 4202 elegiographis
857 4120 1008 4186 editionis
1020 4121 1238 4207 Bergkianae,
1252 4140 1334 4201 quos

261 4238 369 4285 omnes
383 4221 592 4308 perlustravi,
605 4232 786 4291 memoratu
799 4227 898 4309 digna
911 4227 1073 4310 videntur,
1088 4228 1140 4294 hic
1153 4227 1332 4312 adiungo.¹)

174 4449 181 4502 l
243 4359 263 4430 ¹)
284 4362 324 4416 De
343 4379 356 4414 ν
374 4365 540 4434 paragogieo
565 4365 597 4418 in
621 4366 694 4420 fine·
713 4369 878 4451 pentametri
904 4369 940 4422 of.
960 4371 992 4422 A.
1012 4360 1135 4439 Langem
1155 4369 1187 4422 de
1206 4369 1268 4423 diet.
1289 4385 1332 4438 gr.

162 4465 221 4518 eeg.
243 4451 312 4506 1868
329 4468 354 4519 p.
374 4453 417 4506 31.
