<?xml version="1.0" encoding="UTF-8"?>
<!DOCTYPE html PUBLIC "-//W3C//DTD XHTML 1.0 Transitional//EN"
    "http://www.w3.org/TR/xhtml1/DTD/xhtml1-transitional.dtd">
<html xmlns="http://www.w3.org/1999/xhtml" xml:lang="en" lang="en">
 <head>
  <title>
</title>
<meta http-equiv="Content-Type" content="text/html;charset=utf-8" />
  <meta name='ocr-system' content='tesseract 3.04.00' />
  <meta name='ocr-capabilities' content='ocr_page ocr_carea ocr_par ocr_line ocrx_word'/>
</head>
<body>
  <div class='ocr_page' id='page_1' title='image "./deartemetricaar00dettgoog_0075.png"; bbox 0 0 3258 5154; ppageno 0'>
   <div class='ocr_carea' id='block_1_1' title="bbox 780 351 1000 414">
    <p class='ocr_par' dir='ltr' id='par_1_1' title="bbox 780 351 1000 414">
     <span class='ocr_line' id='line_1_1' title="bbox 780 351 1000 414; baseline 0.005 -18"><span class='ocrx_word' id='word_1_1' title='bbox 780 351 1000 414; x_wconf 73' lang='grc'><strong>-66-</strong></span> 
     </span>
    </p>
   </div>
   <div class='ocr_carea' id='block_1_2' title="bbox 304 523 1486 2760">
    <p class='ocr_par' dir='ltr' id='par_1_2' title="bbox 304 523 1486 2760">
     <span class='ocr_line' id='line_1_2' title="bbox 394 523 1477 628; baseline 0 -17"><span class='ocrx_word' id='word_1_2' title='bbox 394 545 537 612; x_wconf 85' lang='lat' dir='ltr'>Lineolis</span> <span class='ocrx_word' id='word_1_3' title='bbox 572 565 656 626; x_wconf 86' lang='lat' dir='ltr'>quac</span> <span class='ocrx_word' id='word_1_4' title='bbox 700 545 842 610; x_wconf 88' lang='lat' dir='ltr'>numeris</span> <span class='ocrx_word' id='word_1_5' title='bbox 880 545 1047 610; x_wconf 88' lang='lat' dir='ltr'>subiectae</span> <span class='ocrx_word' id='word_1_6' title='bbox 1085 551 1162 610; x_wconf 89' lang='lat' dir='ltr'>sunt</span> <span class='ocrx_word' id='word_1_7' title='bbox 1203 523 1477 628; x_wconf 68' lang='lat' dir='ltr'>interpunctiol)</span> 
     </span>
     <span class='ocr_line' id='line_1_3' title="bbox 304 634 1478 736; baseline 0.001 -19"><span class='ocrx_word' id='word_1_8' title='bbox 304 653 520 736; x_wconf 84' lang='lat' dir='ltr'>significatur,</span> <span class='ocrx_word' id='word_1_9' title='bbox 546 651 642 733; x_wconf 90' lang='lat' dir='ltr'>quam</span> <span class='ocrx_word' id='word_1_10' title='bbox 666 657 741 733; x_wconf 90' lang='lat' dir='ltr'>post</span> <span class='ocrx_word' id='word_1_11' title='bbox 764 652 903 733; x_wconf 93' lang='lat' dir='ltr'>primum</span> <span class='ocrx_word' id='word_1_12' title='bbox 927 652 1093 734; x_wconf 75' lang='lat' dir='ltr'><strong>dactylum</strong></span> <span class='ocrx_word' id='word_1_13' title='bbox 1118 650 1178 733; x_wconf 85' lang='lat' dir='ltr'>uis,</span> <span class='ocrx_word' id='word_1_14' title='bbox 1204 634 1280 732; x_wconf 79' lang='lat' dir='ltr'>post</span> <span class='ocrx_word' id='word_1_15' title='bbox 1302 652 1478 718; x_wconf 80' lang='lat' dir='ltr'>sectionem</span> 
     </span>
     <span class='ocr_line' id='line_1_4' title="bbox 304 739 1480 841; baseline -0.001 -16"><span class='ocrx_word' id='word_1_16' title='bbox 304 759 566 825; x_wconf 87' lang='lat' dir='ltr'>semitornarlam</span> <span class='ocrx_word' id='word_1_17' title='bbox 589 759 650 838; x_wconf 90' lang='lat' dir='ltr'>bis,</span> <span class='ocrx_word' id='word_1_18' title='bbox 675 767 748 840; x_wconf 88' lang='lat' dir='ltr'>post</span> <span class='ocrx_word' id='word_1_19' title='bbox 765 739 899 823; x_wconf 78' lang='lat' dir='ltr'>tertium</span> <span class='ocrx_word' id='word_1_20' title='bbox 916 760 1105 824; x_wconf 82' lang='lat' dir='ltr'>trochaeum</span> <span class='ocrx_word' id='word_1_21' title='bbox 1121 760 1228 841; x_wconf 87' lang='lat' dir='ltr'>semel,</span> <span class='ocrx_word' id='word_1_22' title='bbox 1252 764 1339 839; x_wconf 88' lang='lat' dir='ltr'>post</span> <span class='ocrx_word' id='word_1_23' title='bbox 1363 761 1480 824; x_wconf 89' lang='lat' dir='ltr'>buco-</span> 
     </span>
     <span class='ocr_line' id='line_1_5' title="bbox 305 862 1481 950; baseline 0.001 -20"><span class='ocrx_word' id='word_1_24' title='bbox 305 866 421 930; x_wconf 91' lang='lat' dir='ltr'>licam</span> <span class='ocrx_word' id='word_1_25' title='bbox 444 885 523 931; x_wconf 88' lang='lat' dir='ltr'>vero</span> <span class='ocrx_word' id='word_1_26' title='bbox 549 865 713 930; x_wconf 85' lang='lat' dir='ltr'>diaeresin</span> <span class='ocrx_word' id='word_1_27' title='bbox 737 865 898 930; x_wconf 79' lang='lat' dir='ltr'>maxime</span> <span class='ocrx_word' id='word_1_28' title='bbox 923 862 1029 950; x_wconf 64' lang='lat' dir='ltr'>(Q)</span> <span class='ocrx_word' id='word_1_29' title='bbox 1054 864 1140 930; x_wconf 89' lang='lat' dir='ltr'>adici</span> <span class='ocrx_word' id='word_1_30' title='bbox 1164 864 1384 948; x_wconf 86' lang='lat' dir='ltr'>cognoscitur,</span> <span class='ocrx_word' id='word_1_31' title='bbox 1410 886 1481 931; x_wconf 90' lang='lat' dir='ltr'>cum</span> 
     </span>
     <span class='ocr_line' id='line_1_6' title="bbox 304 970 1482 1053; baseline 0.001 -17"><span class='ocrx_word' id='word_1_32' title='bbox 304 972 339 1039; x_wconf 90' lang='lat' dir='ltr'>in</span> <span class='ocrx_word' id='word_1_33' title='bbox 356 972 420 1036; x_wconf 88' lang='lat' dir='ltr'>fine</span> <span class='ocrx_word' id='word_1_34' title='bbox 440 971 622 1037; x_wconf 83' lang='lat' dir='ltr'>hexametri</span> <span class='ocrx_word' id='word_1_35' title='bbox 639 970 717 1037; x_wconf 48' lang='lat'>7¹2¹}</span> <span class='ocrx_word' id='word_1_36' title='bbox 734 978 885 1053; x_wconf 88' lang='lat' dir='ltr'>ponatur.</span> <span class='ocrx_word' id='word_1_37' title='bbox 930 973 1025 1036; x_wconf 89' lang='lat' dir='ltr'>Post</span> <span class='ocrx_word' id='word_1_38' title='bbox 1046 971 1205 1052; x_wconf 87' lang='lat' dir='ltr'>primam</span> <span class='ocrx_word' id='word_1_39' title='bbox 1222 971 1352 1037; x_wconf 90' lang='lat' dir='ltr'>thesin</span> <span class='ocrx_word' id='word_1_40' title='bbox 1371 972 1482 1053; x_wconf 89' lang='lat' dir='ltr'>pedis</span> 
     </span>
     <span class='ocr_line' id='line_1_7' title="bbox 304 1078 1482 1162; baseline 0 -18"><span class='ocrx_word' id='word_1_41' title='bbox 304 1079 434 1160; x_wconf 89' lang='lat' dir='ltr'>quinti</span> <span class='ocrx_word' id='word_1_42' title='bbox 451 1098 643 1159; x_wconf 89' lang='lat' dir='ltr'>uunquam</span> <span class='ocrx_word' id='word_1_43' title='bbox 659 1078 904 1160; x_wconf 82' lang='lat' dir='ltr'>interpungi,</span> <span class='ocrx_word' id='word_1_44' title='bbox 923 1097 1116 1159; x_wconf 90' lang='lat' dir='ltr'>quamquam</span> <span class='ocrx_word' id='word_1_45' title='bbox 1133 1079 1270 1162; x_wconf 90' lang='lat' dir='ltr'>voculae</span> <span class='ocrx_word' id='word_1_46' title='bbox 1286 1079 1336 1143; x_wconf 90' lang='lat' dir='ltr'>his</span> <span class='ocrx_word' id='word_1_47' title='bbox 1349 1078 1482 1144; x_wconf 89' lang='lat' dir='ltr'>sedibus</span> 
     </span>
     <span class='ocr_line' id='line_1_8' title="bbox 305 1181 1482 1272; baseline -0.002 -20"><span class='ocrx_word' id='word_1_48' title='bbox 305 1205 421 1252; x_wconf 89' lang='lat' dir='ltr'>versus</span> <span class='ocrx_word' id='word_1_49' title='bbox 451 1185 623 1250; x_wconf 88' lang='lat' dir='ltr'>terminari</span> <span class='ocrx_word' id='word_1_50' title='bbox 646 1192 758 1250; x_wconf 92' lang='lat' dir='ltr'>amant</span> <span class='ocrx_word' id='word_1_51' title='bbox 790 1181 915 1272; x_wconf 66' lang='lat' dir='ltr'>(ng)</span> <span class='ocrx_word' id='word_1_52' title='bbox 946 1203 1026 1249; x_wconf 89' lang='lat' dir='ltr'>sane</span> <span class='ocrx_word' id='word_1_53' title='bbox 1057 1191 1236 1250; x_wconf 90' lang='lat' dir='ltr'>memoratu</span> <span class='ocrx_word' id='word_1_54' title='bbox 1262 1184 1394 1267; x_wconf 85' lang='lat' dir='ltr'>dignum</span> <span class='ocrx_word' id='word_1_55' title='bbox 1424 1191 1482 1250; x_wconf 90' lang='lat' dir='ltr'>est.</span> 
     </span>
     <span class='ocr_line' id='line_1_9' title="bbox 304 1291 1483 1374; baseline -0.003 -16"><span class='ocrx_word' id='word_1_56' title='bbox 304 1298 439 1374; x_wconf 87' lang='lat' dir='ltr'>praeter</span> <span class='ocrx_word' id='word_1_57' title='bbox 463 1293 548 1356; x_wconf 89' lang='lat' dir='ltr'>hunc</span> <span class='ocrx_word' id='word_1_58' title='bbox 570 1297 715 1357; x_wconf 89' lang='lat' dir='ltr'>extrema</span> <span class='ocrx_word' id='word_1_59' title='bbox 737 1293 900 1357; x_wconf 89' lang='lat' dir='ltr'>vocabula</span> <span class='ocrx_word' id='word_1_60' title='bbox 923 1291 1064 1356; x_wconf 88' lang='lat' dir='ltr'>libenter</span> <span class='ocrx_word' id='word_1_61' title='bbox 1088 1310 1161 1356; x_wconf 92' lang='lat' dir='ltr'>eum</span> <span class='ocrx_word' id='word_1_62' title='bbox 1183 1293 1289 1356; x_wconf 93' lang='lat' dir='ltr'>locum</span> <span class='ocrx_word' id='word_1_63' title='bbox 1307 1299 1483 1372; x_wconf 88' lang='lat' dir='ltr'>occupant,</span> 
     </span>
     <span class='ocr_line' id='line_1_10' title="bbox 304 1399 1485 1481; baseline 0 -17"><span class='ocrx_word' id='word_1_64' title='bbox 304 1399 361 1480; x_wconf 91' lang='lat' dir='ltr'>qui</span> <span class='ocrx_word' id='word_1_65' title='bbox 386 1404 437 1464; x_wconf 89' lang='lat' dir='ltr'>est</span> <span class='ocrx_word' id='word_1_66' title='bbox 453 1405 528 1479; x_wconf 91' lang='lat' dir='ltr'>post</span> <span class='ocrx_word' id='word_1_67' title='bbox 545 1399 633 1463; x_wconf 90' lang='lat' dir='ltr'>arsin</span> <span class='ocrx_word' id='word_1_68' title='bbox 651 1401 828 1463; x_wconf 90' lang='lat' dir='ltr'>secundam</span> <span class='ocrx_word' id='word_1_69' title='bbox 853 1399 905 1462; x_wconf 88' lang='lat' dir='ltr'>vel</span> <span class='ocrx_word' id='word_1_70' title='bbox 921 1399 1063 1481; x_wconf 87' lang='lat' dir='ltr'>tertiam,</span> <span class='ocrx_word' id='word_1_71' title='bbox 1087 1405 1163 1479; x_wconf 91' lang='lat' dir='ltr'>post</span> <span class='ocrx_word' id='word_1_72' title='bbox 1180 1399 1369 1478; x_wconf 80' lang='lat' dir='ltr'>trochaeum</span> <span class='ocrx_word' id='word_1_73' title='bbox 1390 1399 1485 1464; x_wconf 86' lang='lat' dir='ltr'>tertii</span> 
     </span>
     <span class='ocr_line' id='line_1_11' title="bbox 304 1502 1485 1588; baseline 0 -18"><span class='ocrx_word' id='word_1_74' title='bbox 304 1505 408 1588; x_wconf 75' lang='lat' dir='ltr'>pedis</span> <span class='ocrx_word' id='word_1_75' title='bbox 431 1513 518 1588; x_wconf 89' lang='lat' dir='ltr'>post</span> <span class='ocrx_word' id='word_1_76' title='bbox 543 1511 721 1585; x_wconf 85' lang='lat' dir='ltr'>quartum</span> <span class='ocrx_word' id='word_1_77' title='bbox 742 1505 940 1586; x_wconf 86' lang='lat' dir='ltr'>dactylum</span> <span class='ocrx_word' id='word_1_78' title='bbox 957 1502 1085 1588; x_wconf 56' lang='lat' dir='ltr'>(lbi-Q)</span> <span class='ocrx_word' id='word_1_79' title='bbox 1110 1513 1150 1574; x_wconf 84' lang='lat' dir='ltr'>et¹</span> <span class='ocrx_word' id='word_1_80' title='bbox 1166 1504 1326 1585; x_wconf 92' lang='lat' dir='ltr'>primum</span> <span class='ocrx_word' id='word_1_81' title='bbox 1350 1508 1485 1585; x_wconf 85' lang='lat' dir='ltr'>pedem</span> 
     </span>
     <span class='ocr_line' id='line_1_12' title="bbox 304 1593 1486 1700; baseline 0 -24"><span class='ocrx_word' id='word_1_82' title='bbox 304 1609 446 1698; x_wconf 57' lang='grc'>(131913).</span> <span class='ocrx_word' id='word_1_83' title='bbox 505 1613 729 1694; x_wconf 89' lang='lat' dir='ltr'>monosyllaba</span> <span class='ocrx_word' id='word_1_84' title='bbox 764 1631 862 1677; x_wconf 88' lang='lat' dir='ltr'>versu</span> <span class='ocrx_word' id='word_1_85' title='bbox 894 1617 1035 1700; x_wconf 84' lang='lat' dir='ltr'>exeunte</span> <span class='ocrx_word' id='word_1_86' title='bbox 1067 1593 1283 1677; x_wconf 81' lang='lat' dir='ltr'>Archilochus</span> <span class='ocrx_word' id='word_1_87' title='bbox 1320 1611 1384 1676; x_wconf 87' lang='lat' dir='ltr'>sibi</span> <span class='ocrx_word' id='word_1_88' title='bbox 1418 1631 1486 1676; x_wconf 89' lang='lat' dir='ltr'>non</span> 
     </span>
     <span class='ocr_line' id='line_1_13' title="bbox 304 1715 1486 1804; baseline -0.001 -20"><span class='ocrx_word' id='word_1_89' title='bbox 304 1719 451 1802; x_wconf 92' lang='lat' dir='ltr'>indulsit,</span> <span class='ocrx_word' id='word_1_90' title='bbox 475 1720 532 1784; x_wconf 90' lang='lat' dir='ltr'>sed</span> <span class='ocrx_word' id='word_1_91' title='bbox 549 1717 711 1800; x_wconf 88' lang='lat' dir='ltr'>disyllaba</span> <span class='ocrx_word' id='word_1_92' title='bbox 728 1715 809 1782; x_wconf 57' lang='lat'>9¹9¹}</span> <span class='ocrx_word' id='word_1_93' title='bbox 829 1719 870 1802; x_wconf 76' lang='lat'>(2.</span> <span class='ocrx_word' id='word_1_94' title='bbox 896 1719 959 1799; x_wconf 84' lang='lat'>3,3.</span> <span class='ocrx_word' id='word_1_95' title='bbox 986 1720 1048 1799; x_wconf 80' lang='grc'>4,1.</span> <span class='ocrx_word' id='word_1_96' title='bbox 1073 1719 1102 1782; x_wconf 88' lang='grc'>3.</span> <span class='ocrx_word' id='word_1_97' title='bbox 1133 1721 1161 1783; x_wconf 79' lang='lat'>5.</span> <span class='ocrx_word' id='word_1_98' title='bbox 1186 1721 1248 1798; x_wconf 81' lang='grc'>6,1.</span> <span class='ocrx_word' id='word_1_99' title='bbox 1273 1719 1333 1802; x_wconf 89' lang='grc'>9,1.</span> <span class='ocrx_word' id='word_1_100' title='bbox 1361 1721 1390 1785; x_wconf 87' lang='grc'>7.</span> <span class='ocrx_word' id='word_1_101' title='bbox 1420 1719 1486 1804; x_wconf 96' lang='grc'>17),</span> 
     </span>
     <span class='ocr_line' id='line_1_14' title="bbox 305 1823 1484 1908; baseline -0.001 -18"><span class='ocrx_word' id='word_1_102' title='bbox 305 1826 519 1908; x_wconf 82' lang='lat' dir='ltr'>trisyllaba</span> <span class='ocrx_word' id='word_1_103' title='bbox 554 1823 656 1889; x_wconf 52' lang='lat'>1312&amp;</span> <span class='ocrx_word' id='word_1_104' title='bbox 686 1825 728 1907; x_wconf 87' lang='grc'>(1.</span> <span class='ocrx_word' id='word_1_105' title='bbox 755 1826 817 1904; x_wconf 87' lang='grc'>3,1.</span> <span class='ocrx_word' id='word_1_106' title='bbox 843 1825 902 1906; x_wconf 85' lang='grc'>6,3.</span> <span class='ocrx_word' id='word_1_107' title='bbox 927 1826 989 1904; x_wconf 86' lang='grc'>9,3.</span> <span class='ocrx_word' id='word_1_108' title='bbox 1014 1825 1044 1889; x_wconf 83' lang='grc'>5.</span> <span class='ocrx_word' id='word_1_109' title='bbox 1068 1825 1096 1888; x_wconf 89' lang='lat'>9.</span> <span class='ocrx_word' id='word_1_110' title='bbox 1124 1825 1173 1889; x_wconf 88' lang='lat'>10.</span> <span class='ocrx_word' id='word_1_111' title='bbox 1201 1826 1249 1889; x_wconf 90' lang='lat'>13.</span> <span class='ocrx_word' id='word_1_112' title='bbox 1277 1826 1402 1890; x_wconf 67' lang='lat'>1415.</span> <span class='ocrx_word' id='word_1_113' title='bbox 1432 1826 1484 1890; x_wconf 90' lang='grc'>16.</span> 
     </span>
     <span class='ocr_line' id='line_1_15' title="bbox 309 1930 1485 2017; baseline -0.001 -20"><span class='ocrx_word' id='word_1_114' title='bbox 309 1933 359 1997; x_wconf 88' lang='grc'>18.</span> <span class='ocrx_word' id='word_1_115' title='bbox 387 1933 450 2017; x_wconf 85' lang='grc'>19),</span> <span class='ocrx_word' id='word_1_116' title='bbox 475 1932 694 2014; x_wconf 88' lang='lat' dir='ltr'>tetrasyllaba</span> <span class='ocrx_word' id='word_1_117' title='bbox 717 1931 768 1995; x_wconf 85' lang='lat' dir='ltr'>bis</span> <span class='ocrx_word' id='word_1_118' title='bbox 785 1933 826 2012; x_wconf 84' lang='grc'>(8.</span> <span class='ocrx_word' id='word_1_119' title='bbox 854 1933 916 2012; x_wconf 88' lang='grc'>11),</span> <span class='ocrx_word' id='word_1_120' title='bbox 941 1950 1053 1998; x_wconf 87' lang='lat' dir='ltr'>vocem</span> <span class='ocrx_word' id='word_1_121' title='bbox 1070 1931 1209 2012; x_wconf 88' lang='lat' dir='ltr'>denique</span> <span class='ocrx_word' id='word_1_122' title='bbox 1225 1930 1367 2012; x_wconf 90' lang='lat' dir='ltr'>quinque</span> <span class='ocrx_word' id='word_1_123' title='bbox 1384 1932 1485 2013; x_wconf 90' lang='lat' dir='ltr'>sylla-</span> 
     </span>
     <span class='ocr_line' id='line_1_16' title="bbox 306 2035 1485 2123; baseline -0.002 -19"><span class='ocrx_word' id='word_1_124' title='bbox 306 2041 423 2105; x_wconf 84' lang='lat' dir='ltr'>barum</span> <span class='ocrx_word' id='word_1_125' title='bbox 448 2040 546 2104; x_wconf 87' lang='lat' dir='ltr'>semel</span> <span class='ocrx_word' id='word_1_126' title='bbox 564 2035 665 2123; x_wconf 74' lang='lat'>(12).2)</span> <span class='ocrx_word' id='word_1_127' title='bbox 713 2045 883 2103; x_wconf 88' lang='lat' dir='ltr'>accentum</span> <span class='ocrx_word' id='word_1_128' title='bbox 904 2057 1019 2105; x_wconf 85' lang='lat' dir='ltr'>vocum</span> <span class='ocrx_word' id='word_1_129' title='bbox 1044 2040 1086 2103; x_wconf 92' lang='lat' dir='ltr'>ad</span> <span class='ocrx_word' id='word_1_130' title='bbox 1106 2057 1220 2103; x_wconf 87' lang='lat' dir='ltr'>versus</span> <span class='ocrx_word' id='word_1_131' title='bbox 1236 2038 1337 2103; x_wconf 91' lang='lat' dir='ltr'>ictum</span> <span class='ocrx_word' id='word_1_132' title='bbox 1354 2056 1485 2103; x_wconf 91' lang='lat' dir='ltr'>accom-</span> 
     </span>
     <span class='ocr_line' id='line_1_17' title="bbox 306 2144 1486 2226; baseline 0 -16"><span class='ocrx_word' id='word_1_133' title='bbox 306 2147 441 2211; x_wconf 90' lang='lat' dir='ltr'>modare</span> <span class='ocrx_word' id='word_1_134' title='bbox 470 2165 535 2211; x_wconf 90' lang='lat' dir='ltr'>non</span> <span class='ocrx_word' id='word_1_135' title='bbox 567 2144 702 2210; x_wconf 90' lang='lat' dir='ltr'>studuit.</span> <span class='ocrx_word' id='word_1_136' title='bbox 762 2146 990 2226; x_wconf 85' lang='lat' dir='ltr'>monosyllaba</span> <span class='ocrx_word' id='word_1_137' title='bbox 1022 2146 1119 2225; x_wconf 89' lang='lat' dir='ltr'>plana</span> <span class='ocrx_word' id='word_1_138' title='bbox 1153 2144 1279 2226; x_wconf 86' lang='lat' dir='ltr'>expulit</span> <span class='ocrx_word' id='word_1_139' title='bbox 1311 2144 1411 2209; x_wconf 90' lang='lat' dir='ltr'>etiam</span> <span class='ocrx_word' id='word_1_140' title='bbox 1443 2164 1486 2210; x_wconf 87' lang='lat' dir='ltr'>ex</span> 
     </span>
     <span class='ocr_line' id='line_1_18' title="bbox 307 2251 1486 2334; baseline 0 -17"><span class='ocrx_word' id='word_1_141' title='bbox 307 2253 409 2317; x_wconf 88' lang='lat' dir='ltr'>tertia</span> <span class='ocrx_word' id='word_1_142' title='bbox 433 2258 466 2317; x_wconf 90' lang='lat' dir='ltr'>et</span> <span class='ocrx_word' id='word_1_143' title='bbox 482 2257 576 2317; x_wconf 86' lang='lat' dir='ltr'>sexta</span> <span class='ocrx_word' id='word_1_144' title='bbox 592 2251 786 2334; x_wconf 83' lang='lat' dir='ltr'>sublatione,</span> <span class='ocrx_word' id='word_1_145' title='bbox 810 2252 999 2333; x_wconf 89' lang='lat' dir='ltr'>plerumque</span> <span class='ocrx_word' id='word_1_146' title='bbox 1019 2252 1118 2316; x_wconf 90' lang='lat' dir='ltr'>etiam</span> <span class='ocrx_word' id='word_1_147' title='bbox 1138 2272 1177 2316; x_wconf 86' lang='lat' dir='ltr'>cx</span> <span class='ocrx_word' id='word_1_148' title='bbox 1197 2253 1303 2316; x_wconf 90' lang='lat' dir='ltr'>altera</span> <span class='ocrx_word' id='word_1_149' title='bbox 1319 2251 1486 2332; x_wconf 85' lang='lat' dir='ltr'>positione</span> 
     </span>
     <span class='ocr_line' id='line_1_19' title="bbox 306 2358 1486 2441; baseline -0.001 -17"><span class='ocrx_word' id='word_1_150' title='bbox 306 2359 432 2441; x_wconf 83' lang='lat' dir='ltr'>dactyli</span> <span class='ocrx_word' id='word_1_151' title='bbox 460 2358 593 2423; x_wconf 90' lang='lat' dir='ltr'>secundi</span> <span class='ocrx_word' id='word_1_152' title='bbox 622 2366 655 2422; x_wconf 92' lang='lat' dir='ltr'>et</span> <span class='ocrx_word' id='word_1_153' title='bbox 684 2359 804 2438; x_wconf 90' lang='lat' dir='ltr'>quarti.</span> <span class='ocrx_word' id='word_1_154' title='bbox 856 2359 1018 2424; x_wconf 89' lang='lat' dir='ltr'>vocabula</span> <span class='ocrx_word' id='word_1_155' title='bbox 1051 2368 1159 2423; x_wconf 90' lang='lat' dir='ltr'>autem</span> <span class='ocrx_word' id='word_1_156' title='bbox 1192 2377 1276 2438; x_wconf 90' lang='lat' dir='ltr'>quae</span> <span class='ocrx_word' id='word_1_157' title='bbox 1308 2360 1486 2423; x_wconf 90' lang='lat' dir='ltr'>molossum</span> 
     </span>
     <span class='ocr_line' id='line_1_20' title="bbox 305 2461 1486 2547; baseline 0 -17"><span class='ocrx_word' id='word_1_158' title='bbox 305 2461 455 2530; x_wconf 85' lang='lat' dir='ltr'>efficiunt</span> <span class='ocrx_word' id='word_1_159' title='bbox 485 2485 612 2546; x_wconf 88' lang='lat' dir='ltr'>semper</span> <span class='ocrx_word' id='word_1_160' title='bbox 642 2465 676 2529; x_wconf 91' lang='lat' dir='ltr'>in</span> <span class='ocrx_word' id='word_1_161' title='bbox 699 2465 804 2545; x_wconf 91' lang='lat' dir='ltr'>prima</span> <span class='ocrx_word' id='word_1_162' title='bbox 837 2471 870 2528; x_wconf 91' lang='lat' dir='ltr'>et</span> <span class='ocrx_word' id='word_1_163' title='bbox 905 2465 1005 2529; x_wconf 87' lang='lat' dir='ltr'>tertia</span> <span class='ocrx_word' id='word_1_164' title='bbox 1038 2467 1166 2547; x_wconf 89' lang='lat' dir='ltr'>syllaba</span> <span class='ocrx_word' id='word_1_165' title='bbox 1198 2464 1327 2546; x_wconf 88' lang='lat' dir='ltr'>percuti</span> <span class='ocrx_word' id='word_1_166' title='bbox 1357 2465 1486 2545; x_wconf 90' lang='lat' dir='ltr'>primus</span> 
     </span>
     <span class='ocr_line' id='line_1_21' title="bbox 305 2569 1486 2658; baseline -0.001 -21"><span class='ocrx_word' id='word_1_167' title='bbox 305 2573 474 2637; x_wconf 86' lang='lat' dir='ltr'>Arthurus</span> <span class='ocrx_word' id='word_1_168' title='bbox 497 2571 654 2638; x_wconf 87' lang='lat' dir='ltr'>Ludwich</span> <span class='ocrx_word' id='word_1_169' title='bbox 678 2569 838 2658; x_wconf 83' lang='lat' dir='ltr'>monuit.³)</span> <span class='ocrx_word' id='word_1_170' title='bbox 885 2590 978 2653; x_wconf 90' lang='lat' dir='ltr'>quem</span> <span class='ocrx_word' id='word_1_171' title='bbox 1002 2591 1094 2637; x_wconf 91' lang='lat' dir='ltr'>usum</span> <span class='ocrx_word' id='word_1_172' title='bbox 1118 2571 1254 2654; x_wconf 81' lang='lat' dir='ltr'>elegiaci</span> <span class='ocrx_word' id='word_1_173' title='bbox 1279 2569 1383 2637; x_wconf 89' lang='lat' dir='ltr'>secuti</span> <span class='ocrx_word' id='word_1_174' title='bbox 1406 2572 1486 2656; x_wconf 91' lang='lat' dir='ltr'>sint,</span> 
     </span>
     <span class='ocr_line' id='line_1_22' title="bbox 307 2677 1485 2760; baseline 0 -18"><span class='ocrx_word' id='word_1_175' title='bbox 307 2697 372 2759; x_wconf 93' lang='lat' dir='ltr'>quo</span> <span class='ocrx_word' id='word_1_176' title='bbox 406 2678 594 2743; x_wconf 90' lang='lat' dir='ltr'>accuratius</span> <span class='ocrx_word' id='word_1_177' title='bbox 633 2677 857 2760; x_wconf 84' lang='lat' dir='ltr'>intellegatur,</span> <span class='ocrx_word' id='word_1_178' title='bbox 896 2696 1042 2758; x_wconf 91' lang='lat' dir='ltr'>propono</span> <span class='ocrx_word' id='word_1_179' title='bbox 1076 2679 1221 2744; x_wconf 90' lang='lat' dir='ltr'>tabulam</span> <span class='ocrx_word' id='word_1_180' title='bbox 1254 2677 1287 2742; x_wconf 91' lang='lat' dir='ltr'>in</span> <span class='ocrx_word' id='word_1_181' title='bbox 1319 2698 1384 2758; x_wconf 90' lang='lat' dir='ltr'>qua</span> <span class='ocrx_word' id='word_1_182' title='bbox 1414 2697 1485 2744; x_wconf 89' lang='lat' dir='ltr'>non</span> 
     </span>
    </p>
   </div>
   <div class='ocr_carea' id='block_1_3' title="bbox 198 2784 1485 2865">
    <p class='ocr_par' dir='ltr' id='par_1_3' title="bbox 198 2784 1485 2865">
     <span class='ocr_line' id='line_1_23' title="bbox 198 2784 1485 2865; baseline 0 -15"><span class='ocrx_word' id='word_1_183' title='bbox 198 2815 201 2826; x_wconf 93' lang='lat'>·</span> <span class='ocrx_word' id='word_1_184' title='bbox 305 2786 409 2850; x_wconf 88' lang='lat' dir='ltr'>solum</span> <span class='ocrx_word' id='word_1_185' title='bbox 433 2804 530 2851; x_wconf 88' lang='lat' dir='ltr'>voces</span> <span class='ocrx_word' id='word_1_186' title='bbox 554 2784 743 2850; x_wconf 89' lang='lat' dir='ltr'>molossicaa</span> <span class='ocrx_word' id='word_1_187' title='bbox 775 2789 1018 2864; x_wconf 87' lang='lat' dir='ltr'>enumerantur,</span> <span class='ocrx_word' id='word_1_188' title='bbox 1051 2787 1108 2850; x_wconf 89' lang='lat' dir='ltr'>sed</span> <span class='ocrx_word' id='word_1_189' title='bbox 1139 2784 1239 2851; x_wconf 88' lang='lat' dir='ltr'>etiam</span> <span class='ocrx_word' id='word_1_190' title='bbox 1269 2804 1485 2865; x_wconf 78' lang='lat' dir='ltr'>quaecunque</span> 
     </span>
    </p>
   </div>
   <div class='ocr_carea' id='block_1_4' title="bbox 305 2890 1252 2972">
    <p class='ocr_par' dir='ltr' id='par_1_4' title="bbox 305 2890 1252 2972">
     <span class='ocr_line' id='line_1_24' title="bbox 305 2890 1252 2972; baseline 0 -16"><span class='ocrx_word' id='word_1_191' title='bbox 305 2890 559 2972; x_wconf 86' lang='lat' dir='ltr'>compositiones</span> <span class='ocrx_word' id='word_1_192' title='bbox 582 2891 669 2956; x_wconf 93' lang='lat' dir='ltr'>illius</span> <span class='ocrx_word' id='word_1_193' title='bbox 693 2891 784 2972; x_wconf 89' lang='lat' dir='ltr'>pedis</span> <span class='ocrx_word' id='word_1_194' title='bbox 807 2891 878 2955; x_wconf 88' lang='lat' dir='ltr'>fieri</span> <span class='ocrx_word' id='word_1_195' title='bbox 901 2897 1037 2972; x_wconf 90' lang='lat' dir='ltr'>possunt</span> <span class='ocrx_word' id='word_1_196' title='bbox 1062 2890 1252 2957; x_wconf 88' lang='lat' dir='ltr'>afferuntur.</span> 
     </span>
    </p>
   </div>
   <div class='ocr_carea' id='block_1_5' title="bbox 397 3084 1483 3154">
    <p class='ocr_par' dir='ltr' id='par_1_5' title="bbox 397 3084 1483 3154">
     <span class='ocr_line' id='line_1_25' title="bbox 397 3084 1483 3154; baseline 0.001 -14"><span class='ocrx_word' id='word_1_197' title='bbox 397 3085 419 3154; x_wconf 84' lang='lat'>1)</span> <span class='ocrx_word' id='word_1_198' title='bbox 439 3087 481 3153; x_wconf 81' lang='grc'>4,1</span> <span class='ocrx_word' id='word_1_199' title='bbox 497 3092 525 3140; x_wconf 88' lang='lat' dir='ltr'>et</span> <span class='ocrx_word' id='word_1_200' title='bbox 538 3087 571 3139; x_wconf 87' lang='grc'>14</span> <span class='ocrx_word' id='word_1_201' title='bbox 590 3101 644 3140; x_wconf 89' lang='lat' dir='ltr'>non</span> <span class='ocrx_word' id='word_1_202' title='bbox 664 3095 705 3138; x_wconf 86' lang='lat' dir='ltr'>est</span> <span class='ocrx_word' id='word_1_203' title='bbox 717 3085 913 3154; x_wconf 73' lang='lat' dir='ltr'>interpunctio,</span> <span class='ocrx_word' id='word_1_204' title='bbox 932 3085 965 3139; x_wconf 86' lang='lat' dir='ltr'>de</span> <span class='ocrx_word' id='word_1_205' title='bbox 978 3086 1096 3140; x_wconf 84' lang='lat' dir='ltr'>vocativi</span> <span class='ocrx_word' id='word_1_206' title='bbox 1108 3084 1216 3152; x_wconf 84' lang='lat' dir='ltr'>syntaxi</span> <span class='ocrx_word' id='word_1_207' title='bbox 1230 3101 1327 3154; x_wconf 88' lang='lat' dir='ltr'>anceps</span> <span class='ocrx_word' id='word_1_208' title='bbox 1340 3085 1483 3141; x_wconf 88' lang='lat' dir='ltr'>iudicium.</span> 
     </span>
    </p>
   </div>
   <div class='ocr_carea' id='block_1_6' title="bbox 304 3191 1482 3439">
    <p class='ocr_par' dir='ltr' id='par_1_6' title="bbox 304 3191 1482 3439">
     <span class='ocr_line' id='line_1_26' title="bbox 397 3191 1482 3261; baseline 0 -16"><span class='ocrx_word' id='word_1_209' title='bbox 397 3193 417 3261; x_wconf 82' lang='lat'>²)</span> <span class='ocrx_word' id='word_1_210' title='bbox 437 3191 509 3258; x_wconf 88' lang='lat' dir='ltr'>Quot</span> <span class='ocrx_word' id='word_1_211' title='bbox 525 3193 690 3260; x_wconf 86' lang='lat' dir='ltr'>syllabarum</span> <span class='ocrx_word' id='word_1_212' title='bbox 710 3192 766 3244; x_wconf 88' lang='lat' dir='ltr'>sint</span> <span class='ocrx_word' id='word_1_213' title='bbox 784 3192 922 3244; x_wconf 86' lang='lat' dir='ltr'>clausulae</span> <span class='ocrx_word' id='word_1_214' title='bbox 938 3192 966 3245; x_wconf 92' lang='lat' dir='ltr'>in</span> <span class='ocrx_word' id='word_1_215' title='bbox 976 3192 1127 3246; x_wconf 85' lang='lat' dir='ltr'>hexametri</span> <span class='ocrx_word' id='word_1_216' title='bbox 1138 3192 1214 3246; x_wconf 84' lang='lat' dir='ltr'>exitu</span> <span class='ocrx_word' id='word_1_217' title='bbox 1232 3192 1482 3261; x_wconf 83' lang='lat' dir='ltr'>apTheognidcm,</span> 
     </span>
     <span class='ocr_line' id='line_1_27' title="bbox 305 3281 1481 3350; baseline -0.001 -15"><span class='ocrx_word' id='word_1_218' title='bbox 305 3285 401 3350; x_wconf 86' lang='lat' dir='ltr'>po&#39;e&#39;tas</span> <span class='ocrx_word' id='word_1_219' title='bbox 429 3281 690 3348; x_wconf 81' lang='lat' dir='ltr'>ente-theognideos,</span> <span class='ocrx_word' id='word_1_220' title='bbox 715 3281 976 3348; x_wconf 84' lang='lat' dir='ltr'>post-theognideos,</span> <span class='ocrx_word' id='word_1_221' title='bbox 1003 3283 1128 3349; x_wconf 86' lang='lat' dir='ltr'>exposuit</span> <span class='ocrx_word' id='word_1_222' title='bbox 1155 3281 1268 3334; x_wconf 83' lang='lat' dir='ltr'>Carolus</span> <span class='ocrx_word' id='word_1_223' title='bbox 1296 3281 1481 3350; x_wconf 84' lang='lat' dir='ltr'>Hultgren,</span> 
     </span>
     <span class='ocr_line' id='line_1_28' title="bbox 304 3369 1158 3439; baseline 0.001 -15"><span class='ocrx_word' id='word_1_224' title='bbox 304 3371 410 3424; x_wconf 86' lang='lat' dir='ltr'>observ.</span> <span class='ocrx_word' id='word_1_225' title='bbox 430 3377 507 3424; x_wconf 89' lang='lat' dir='ltr'>metr.</span> <span class='ocrx_word' id='word_1_226' title='bbox 527 3373 555 3423; x_wconf 90' lang='lat' dir='ltr'>in</span> <span class='ocrx_word' id='word_1_227' title='bbox 574 3378 644 3437; x_wconf 90' lang='lat' dir='ltr'>poet.</span> <span class='ocrx_word' id='word_1_228' title='bbox 664 3371 733 3439; x_wconf 83' lang='lat' dir='ltr'>eleg.</span> <span class='ocrx_word' id='word_1_229' title='bbox 753 3386 815 3438; x_wconf 88' lang='lat' dir='ltr'>pars</span> <span class='ocrx_word' id='word_1_230' title='bbox 834 3369 848 3422; x_wconf 94' lang='lat' dir='ltr'>I</span> <span class='ocrx_word' id='word_1_231' title='bbox 867 3371 928 3437; x_wconf 88' lang='lat' dir='ltr'>Lps.</span> <span class='ocrx_word' id='word_1_232' title='bbox 952 3372 1018 3425; x_wconf 90' lang='grc'>1871</span> <span class='ocrx_word' id='word_1_233' title='bbox 1038 3387 1063 3439; x_wconf 90' lang='lat' dir='ltr'>p.</span> <span class='ocrx_word' id='word_1_234' title='bbox 1084 3372 1100 3425; x_wconf 83' lang='lat'>9</span> <span class='ocrx_word' id='word_1_235' title='bbox 1120 3387 1158 3436; x_wconf 87' lang='lat' dir='ltr'>sq.</span> 
     </span>
    </p>
   </div>
   <div class='ocr_carea' id='block_1_7' title="bbox 305 3473 1481 3850">
    <p class='ocr_par' dir='ltr' id='par_1_7' title="bbox 305 3473 1481 3850">
     <span class='ocr_line' id='line_1_29' title="bbox 396 3473 803 3546; baseline 0.002 -16"><span class='ocrx_word' id='word_1_236' title='bbox 396 3473 418 3546; x_wconf 70' lang='grc'>3)</span> <span class='ocrx_word' id='word_1_237' title='bbox 437 3476 526 3530; x_wconf 83' lang='lat' dir='ltr'>Causa</span> <span class='ocrx_word' id='word_1_238' title='bbox 545 3476 671 3530; x_wconf 81' lang='lat' dir='ltr'>niurirum</span> <span class='ocrx_word' id='word_1_239' title='bbox 691 3483 803 3543; x_wconf 86' lang='lat' dir='ltr'>aperta:</span> 
     </span>
     <span class='ocr_line' id='line_1_30' title="bbox 550 3585 1229 3669; baseline -0.001 -21"><span class='ocrx_word' id='word_1_240' title='bbox 550 3585 1229 3669; x_wconf 62' lang='lat' dir='ltr'>i&#39;hh&#39;lhh‘lhi&#39;lha&#39;oc--</span> 
     </span>
     <span class='ocr_line' id='line_1_31' title="bbox 306 3690 1481 3760; baseline -0.001 -16"><span class='ocrx_word' id='word_1_241' title='bbox 306 3696 339 3744; x_wconf 91' lang='lat' dir='ltr'>ut</span> <span class='ocrx_word' id='word_1_242' title='bbox 357 3690 492 3744; x_wconf 85' lang='lat' dir='ltr'>molossici</span> <span class='ocrx_word' id='word_1_243' title='bbox 511 3691 650 3744; x_wconf 84' lang='lat' dir='ltr'>vocabuli·</span> <span class='ocrx_word' id='word_1_244' title='bbox 664 3691 751 3744; x_wconf 86' lang='lat' dir='ltr'>altera</span> <span class='ocrx_word' id='word_1_245' title='bbox 777 3691 884 3758; x_wconf 81' lang='lat' dir='ltr'>syllaba</span> <span class='ocrx_word' id='word_1_246' title='bbox 909 3691 1081 3759; x_wconf 87' lang='lat' dir='ltr'>percutiatur</span> <span class='ocrx_word' id='word_1_247' title='bbox 1109 3707 1175 3760; x_wconf 90' lang='lat' dir='ltr'>opus</span> <span class='ocrx_word' id='word_1_248' title='bbox 1195 3701 1236 3744; x_wconf 88' lang='lat' dir='ltr'>est</span> <span class='ocrx_word' id='word_1_249' title='bbox 1255 3698 1287 3744; x_wconf 88' lang='lat' dir='ltr'>ut</span> <span class='ocrx_word' id='word_1_250' title='bbox 1305 3690 1422 3758; x_wconf 87' lang='lat' dir='ltr'>positum</span> <span class='ocrx_word' id='word_1_251' title='bbox 1443 3693 1481 3744; x_wconf 87' lang='lat' dir='ltr'>sit</span> 
     </span>
     <span class='ocr_line' id='line_1_32' title="bbox 305 3780 1479 3850; baseline 0.002 -18"><span class='ocrx_word' id='word_1_252' title='bbox 305 3785 358 3833; x_wconf 85' lang='lat' dir='ltr'>ant</span> <span class='ocrx_word' id='word_1_253' title='bbox 375 3781 400 3846; x_wconf 83' lang='grc'>2,</span> <span class='ocrx_word' id='word_1_254' title='bbox 420 3780 445 3843; x_wconf 88' lang='grc'>3,</span> <span class='ocrx_word' id='word_1_255' title='bbox 464 3780 480 3832; x_wconf 87' lang='grc'>4</span> <span class='ocrx_word' id='word_1_256' title='bbox 500 3789 548 3833; x_wconf 84' lang='lat' dir='ltr'>aut</span> <span class='ocrx_word' id='word_1_257' title='bbox 568 3781 592 3846; x_wconf 85' lang='grc'>4,</span> <span class='ocrx_word' id='word_1_258' title='bbox 613 3781 637 3846; x_wconf 79' lang='grc' dir='ltr'>ὁ,</span> <span class='ocrx_word' id='word_1_259' title='bbox 657 3781 673 3834; x_wconf 91' lang='grc'>6</span> <span class='ocrx_word' id='word_1_260' title='bbox 693 3785 742 3832; x_wconf 85' lang='lat' dir='ltr'>aut</span> <span class='ocrx_word' id='word_1_261' title='bbox 761 3783 785 3846; x_wconf 88' lang='lat'>6,</span> <span class='ocrx_word' id='word_1_262' title='bbox 807 3783 830 3847; x_wconf 92' lang='grc'>7,</span> <span class='ocrx_word' id='word_1_263' title='bbox 849 3781 875 3850; x_wconf 90' lang='grc'>8,</span> <span class='ocrx_word' id='word_1_264' title='bbox 895 3795 963 3846; x_wconf 81' lang='lat' dir='ltr'>quae</span> <span class='ocrx_word' id='word_1_265' title='bbox 982 3781 1079 3833; x_wconf 90' lang='lat' dir='ltr'>ommia</span> <span class='ocrx_word' id='word_1_266' title='bbox 1105 3781 1171 3848; x_wconf 91' lang='lat' dir='ltr'>ipsis</span> <span class='ocrx_word' id='word_1_267' title='bbox 1197 3780 1315 3834; x_wconf 76' lang='lat' dir='ltr'>nunteris</span> <span class='ocrx_word' id='word_1_268' title='bbox 1340 3787 1479 3834; x_wconf 84' lang='lat' dir='ltr'>vetantur.</span> 
     </span>
    </p>
   </div>
   <div class='ocr_carea' id='block_1_8' title="bbox 0 0 1637 5154">
    <p class='ocr_par' dir='ltr' id='par_1_8' title="bbox 0 0 1637 5154">
     <span class='ocr_line' id='line_1_33' title="bbox 0 0 1637 5154; baseline 0 0"><span class='ocrx_word' id='word_1_269' title='bbox 0 0 1637 5154; x_wconf 95' lang='lat' dir='ltr'> </span> 
     </span>
    </p>
   </div>
  </div>
 </body>
</html>
