3232 5148
774 354 1056 436 -34-*

404 553 428 617 I.

386 675 495 741 Primo
521 674 606 740 enim
629 673 740 739 hiatus
764 672 929 756 legitimus
960 679 1039 739 ante
1062 674 1234 754 vocabula,
1266 693 1403 755 quorum
1439 695 1488 740 ex

296 783 391 849 initio
412 802 554 848 consona
579 781 688 862 aliqua
712 783 775 863 (vel
793 780 989 864 digammum
1012 783 1065 848 vel
1090 780 1157 846 alia
1174 781 1302 863 spirans
1323 783 1358 863 l.)
1385 783 1487 847 anti-

297 891 407 972 quitus
440 889 534 971 plene
566 907 686 954 sonans
719 887 824 953 eiecta
858 893 917 966 est,
956 907 1040 969 quae
1072 907 1113 953 ne
1150 887 1183 952 iu
1218 887 1309 970 epico
1344 889 1487 968 quidem

296 1016 443 1063 sermone
464 995 550 1060 adici
565 997 701 1073 solebat,
726 995 759 1061 id
776 998 859 1075 quod
878 993 1001 1076 primus
1018 995 1189 1061 Bentleius
1214 996 1485 1077 comprobante

296 1104 407 1184 itaque
445 1103 572 1168 hiatus
610 1102 780 1179 fucosus,
820 1121 914 1183 quem
953 1101 1066 1183 dicam,
1102 1103 1144 1166 ab
1179 1103 1381 1184 Archilocho,
1417 1104 1484 1183 qui

296 1211 392 1276 huius
431 1209 561 1293 generis
605 1209 762 1274 rationem
805 1208 999 1274 homericam
1037 1208 1186 1274 imitatus
1220 1209 1306 1296 est,²)
1346 1219 1484 1276 amotus

296 1318 428 1384 videtur
450 1317 484 1382 iu
509 1317 558 1382 his
582 1316 733 1384 versibus

461 1427 520 1511 εἰμί
545 1425 634 1510 δ’ἐγὼ
659 1425 801 1509 θεράπων
825 1427 879 1510 μὲν
903 1425 1073 1490 Ἐνυαλίοιο
1095 1432 1231 1521 Q
1255 1424 1306 1504 1,1

452 1534 493 1610 ὡς
517 1533 674 1597 Διωνύσου
697 1539 832 1628 &voc—arog
854 1533 951 1614 ualde
976 1531 1097 1616 ἐξάρξαι
1123 1533 1214 1617 μέλος
1239 1531 1312 1609 77,1

295 1637 352 1703 ubi
368 1637 532 1702 Athenaei
556 1638 656 1702 codex
680 1637 867 1702 Marcianus
891 1639 1049 1704 Διονύσοιο
1074 1637 1216 1714 exhibet,
1242 1639 1324 1717 quod
1349 1637 1375 1701 si
1400 1638 1482 1716 quis

297 1750 409 1810 tenere
440 1743 591 1825 voluerit,
626 1745 748 1808 duobus
781 1743 986 1826 argumentis
1019 1743 1067 1808 uti
1098 1743 1236 1825 poterit.
1252 1748 1310 1809 aut
1334 1769 1350 1810 ο
1373 1743 1480 1809 finale

297 1851 498 1916 semisonans
523 1841 669 1931 esselG.
693 1851 807 1932 Meyer
823 1849 869 1936 ἓξ
890 1850 967 1936 152)
991 1889 1033 1896 —
1058 1852 1143 1930 quod
1166 1851 1198 1914 in
1224 1855 1369 1915 extrema
1392 1869 1479 1916 voce

297 1964 334 2022 ut
358 1960 488 2022 credam
511 1957 628 2022 adduci
652 1977 717 2021 nou
741 1976 870 2037 possum
888 1995 932 2002 —-
956 1964 1014 2022 aut
1038 1981 1046 2022 ι
1065 1957 1268 2023 semivocalis
1285 1957 1355 2024 vice
1377 1957 1479 2040 iungi

295 2067 464 2132 Διωνύσοιο
488 2073 620 2142 ἄνακτος
637 2093 678 2119 =
695 2065 865 2145 Διωνύοο]“ο
882 2093 904 2118 υ
919 2093 945 2124 .ν
962 2112 988 2124 -
1008 2057 1053 2128 6'0
1074 2093 1096 2119 υ
1113 2113 1138 2124 -
1155 2089 1179 2120 v
1202 2065 1477 2144 quemadmodum

297 2172 416 2236 Hartel
433 2172 462 2236 h.
485 2177 524 2236 st.
540 2173 592 2236 HI
610 2173 629 2236 9
646 2173 774 2261 Αῐὸλόιρ
798 2174 898 2237 κλυτὰ
921 2172 1049 2258 δώματα
1072 2197 1093 2237 ιι
1109 2172 1152 2236 60
1168 2170 1343 2236 restituere
1366 2170 1477 2238 veluit

297 2278 348 2362 (G.
358 2279 471 2359 Meyer
484 2277 524 2362 ³§
537 2278 623 2364 154).
639 2278 653 2363 )
684 2280 739 2343 sed
757 2297 799 2342 ne
812 2278 860 2342 ita
877 2276 1014 2360 quidem,
1025 2296 1095 2342 cum
1106 2296 1147 2341 ne
1157 2278 1325 2358 paululum
1342 2276 1474 2358 quidem

296 2383 485 2450 verisimile
501 2385 535 2450 in
555 2386 617 2449 hac
634 2385 822 2450 coniectura
841 2384 1046 2465 perspiciam,
1065 2383 1143 2449 mihi
1153 2386 1372 2472 persuadetur
1382 2386 1473 2450 obso-

295 2492 396 2556 letam
413 2491 674 2556 terminationem
691 2529 732 2537 -
746 2479 801 2572 οιο,
823 2510 906 2570 quae
923 2509 1044 2571 neque
1060 2510 1222 2570 unquam
1238 2490 1277 2555 in
1298 2511 1473 2556 sermone

297 2597 387 2664 vivo
411 2616 534 2678 neque
561 2598 650 2663 inde
673 2600 719 2663 ab
743 2597 1038 2662 Homeridarum
1069 2602 1202 2662 aetate
1230 2597 1306 2686 nisi
1329 2598 1366 2663 in
1391 2597 1470 2664 for-

296 2704 410 2769 mulis
433 2709 472 2768 et
496 2704 615 2769 certis
639 2704 857 2769 hexametri
880 2703 936 2789 (-
960 2724 1026 2769 non
1045 2704 1244 2785 pentametri
1268 2707 1339 2786 —l)
1365 2705 1470 2795 ped-i-

296 2812 366 2875 bus
398 2817 591 2892 usurpata
620 2819 678 2876 est
703 2812 753 2894 (G.
777 2814 891 2894 Meyer
916 2810 928 2849 ³
952 2813 970 2896 ξ
994 2813 1058 2876 344
1091 2836 1155 2895 7,οιο
1179 2811 1233 2876 bei
1256 2813 1379 2877 Homer
1402 2818 1471 2876 ent-

296 2988 469 3057 (Archilocho
480 2988 562 3042 Pario
576 2989 640 3054 quid
659 2989 688 3041 in
707 2989 813 3058 graecis
832 2988 934 3042 litteris
948 2989 984 3041 sit
997 2989 1179 3055 tribuendum,
1199 3005 1224 3055 p.
1243 2990 1289 3043 20:
1321 2988 1392 3055 „tria
1410 2994 1469 3043 tan-

296 3082 354 3130 tum
375 3077 432 3130 eius
452 3077 654 3144 epigrammata
672 3077 698 3129 ir
718 3078 822 3131 17-19
842 3083 951 3130 servata
975 3091 1032 3130 esse
1051 3091 1213 3146 magnopere
1237 3076 1387 3145 dolemus“)
1407 3082 1470 3131 eta

300 3165 416 3219 Victorio
436 3165 579 3219 Graziadei
600 3165 760 3232 (Archiloeo,
788 3166 908 3219 studiato
934 3165 979 3219 uei
1004 3166 1062 3218 suoi
1082 3165 1245 3230 frammenti,
1271 3167 1300 3219 in
1326 3166 1469 3220 annalibus

296 3255 341 3321 qui
361 3255 439 3308 inser.
459 3254 569 3308 Rivista
587 3254 615 3307 di
634 3254 770 3322 Filologia
789 3254 902 3308 classica
920 3271 937 3321 p
957 3255 1016 3321 473,
1035 3255 1088 3309 495
1108 3255 1173 3322 sqq.)

385 3342 407 3412 1)
427 3344 467 3396 De
486 3345 517 3402 f
528 3361 570 3410 ap.
589 3343 724 3411 elegiacos
743 3360 767 3398 v.
788 3343 885 3396 Hartel
905 3343 955 3398 llI.
976 3343 1018 3396 83.

387 3432 406 3502 ²)
425 3433 580 3486 Sermonem
598 3432 753 3486 Archilochi
773 3448 833 3486 cum
852 3431 985 3486 homerico
1004 3433 1072 3486 satis
1091 3448 1240 3499 congruere
1258 3431 1422 3486 Deutickius
1441 3434 1469 3486 in

300 3521 503 3591 dissertatione,
523 3537 602 3588 quam
617 3521 699 3575 attuli
710 3521 746 3590 (p.
760 3523 795 3574 16
809 3520 875 3589 sqq.)
894 3521 1076 3589 compluribus
1096 3521 1225 3588 exemplis
1244 3521 1375 3578 illustrat.
1386 3551 1419 3560 -
1431 3521 1469 3574 De

297 3616 418 3665 veterum
447 3611 582 3680 epicorum
609 3609 769 3664 carminium
797 3610 887 3664 studio
907 3609 1061 3663 Archilochi
1090 3610 1206 3678 amplius
1234 3611 1363 3664 disseruit
1391 3609 1469 3664 Otto

297 3699 428 3766 Laegor
448 3700 492 3770 (de
510 3705 634 3753 veterum
662 3697 799 3766 epicorum
823 3697 914 3752 studio
940 3698 968 3751 in
988 3698 1150 3768 Archilochi,
1179 3700 1330 3765 Simonidis,
1357 3699 1468 3766 Solonis,

297 3788 475 3856 Hipponactis
493 3788 615 3854 reliquiis
634 3786 788 3855 conspicuo)
809 3795 836 3840 et
855 3787 1020 3842 seutentiam
1039 3787 1177 3841 Dentickii
1198 3789 1283 3842 multo
1303 3788 1390 3857 magis
1409 3804 1469 3840 con-

299 3876 429 3932 firmavit.
450 3876 589 3944 -Neque
607 3877 659 3930 hac
678 3877 710 3930 de
730 3892 813 3930 causa
832 3875 941 3930 minime
952 3876 1128 3930 Archilochus
1148 3877 1302 3946 aLongino
1312 3877 1469 3944 philosopho

298 3965 342 4034 (de
355 3965 464 4018 sublim.
479 3966 551 4034 13,3)
572 3968 777 4033 ὀμηρικώτοιτος,
797 3982 813 4019 a
832 3965 918 4020 Dione
938 3967 1129 4033 Chrysostomo
1149 3968 1243 4034 (oratt.
1255 3968 1317 4031 55ss
1335 3981 1360 4032 p.
1373 3967 1424 4020 284
1435 3965 1468 4034 R)

297 4056 410 4122 Ὁμήρου
430 4056 548 4122 ζηλωτής
567 4054 731 4108 nominatur.

386 4139 407 4212 ³)
427 4142 492 4195 Alia
510 4143 542 4195 de
562 4159 642 4196 causa
661 4142 727 4197 Otto
740 4143 845 4212 Laeger
858 4161 883 4212 p.
897 4145 930 4198 37
941 4147 1083 4197 Λιωνὺοοιο
1097 4148 1211 4208 ἄνακτος
1230 4149 1324 4199 tuetur
1343 4160 1377 4198 ex
1395 4143 1468 4196 simi-

297 4231 412 4285 litudine
435 4231 550 4298 epitheti
568 4248 629 4285 cnm
647 4231 737 4300 hymn.
763 4233 824 4299 34,5
843 4233 1037 4286 collocutioni
1056 4233 1180 4300 dactylus
1193 4233 1221 4285 in
1235 4232 1286 4287 111.
1314 4233 1470 4286 tetrametri

298 4319 383 4374 troch.
402 4319 469 4389 pede
487 4320 586 4374 obstat.
600 4321 648 4374 sed
665 4321 695 4375 in
714 4325 874 4375 tetrametro
888 4320 1080 4376 Archilochum
1099 4323 1206 4390 dactylo
1225 4337 1306 4375 usum
1325 4337 1381 4375 esse
1401 4321 1468 4374 Her-

297 4421 413 4461 mannus
432 4408 490 4478 ipse
508 4415 593 4478 negat
612 4411 752 4478 (demetr.
771 4426 797 4477 p.
818 4411 889 4480 118).
