3232 5148
764 409 985 475 ..33-

289 611 327 674 A.
346 610 376 674 h.
396 614 421 675 t.
440 609 475 672 H
494 607 560 674 653
578 606 695 692 (Hiller
719 612 751 671 et
768 605 901 671 Crusius
922 605 981 670 AL
1000 605 1084 670 1897
1102 605 1225 691 Γυρὲων
1247 602 1496 684 retinuerunt,

291 718 377 797 quod
400 703 522 798 mirol).
563 712 597 777 in
622 711 729 778 media
752 709 950 794 pentametri
1601 717 1602 733 ¹

290 826 369 910 μηδὲ
392 824 504 908 θύραζε
528 819 631 918 adhe-1?
653 817 657 889 l
679 823 738 885 οὐκ
761 820 894 884 ἐθελοντὶ
920 819 994 884 ἰέναι
1018 818 1120 883 Euan.
1145 837 1195 899 ap
1222 817 1367 900 Theogn.
1394 815 1495 880 468.

380 929 492 1101 Τᾟῇο
507 1029 616 1098 hiatus
631 1031 796 1114 legitimus
816 1037 875 1114 est,
900 1030 927 1096 si
949 1031 1048 1113 longa
1064 1030 1186 1096 vocalis
1210 1035 1269 1095 aut
1293 1028 1497 1110 diphthon·
1607 996 1608 1030 ἶ

291 1161 352 1226 gus
388 1140 496 1206 finalis
534 1145 612 1205 ante
645 1141 790 1206 vocalem
823 1136 983 1202 initialem
1016 1137 1050 1202 in
1085 1136 1170 1202 thesi
1207 1136 1331 1219 dactyli
1364 1136 1494 1200 corri-

290 1246 418 1333 pitur,¹)
447 1247 535 1328 quod
560 1244 698 1311 maxime
726 1243 944 1328 diphthongis·
961 1268 1001 1326 αι,
1030 1269 1066 1320 οι,
1096 1268 1131 1322 ει,
1165 1269 1200 1310 ου
1225 1242 1331 1308 rarius
1359 1242 1496 1324 longis

290 1353 457 1422 vocalibus
480 1379 511 1442 η,
536 1376 560 1417 ω
585 1357 619 1420 et
643 1350 855 1432 diphthongis
877 1375 907 1437 η,
933 1375 958 1437 <p
982 1349 1131 1415 accidere
1154 1351 1252 1415 solet:

398 1445 521 1565 ddurpp
546 1479 736 1563 ἐρειδόμενον
761 1476 813 1541 90.

398 1570 543 1671 δεσπόται
563 1602 697 1688 Εὐβοίης
721 1600 775 1678 3,5
799 1601 870 1664 hex.

397 1693 541 1813 τέρψεται
566 1729 638 1791 οὐδὲ
661 1727 750 1803 πόλις
773 1725 826 1802 92
851 1729 941 1806 pent.

398 1817 550 1971 κτηηομαι
575 1854 610 1914 οὐ
634 1851 736 1916 κακίω
761 1850 815 1928 6,4
839 1855 929 1930 pent.

398 1978 580 2041 τανύσσεται
604 1977 676 2040 οὐδὲ
699 1976 820 2060 θαμεῖαι
844 1975 896 2054 3,1
922 1974 994 2038 hex.

420 2065 431 2096 4

399 2102 522 2186 ἰήσομαι
547 2104 617 2164 οὔτε
641 2101 751 2166 κάκιον
777 2099 847 2182 13,1
873 2099 946 2162 hex.

400 2191 523 2290 {cortou
547 2227 637 2311 ἔργον
661 2223 715 2303 3,3
739 2225 811 2288 hex.

383 2330 489 2411 Saepe
513 2329 613 2394 etiam
635 2330 901 2412 interpunctione
924 2329 1105 2412 mitigatur,
1138 2348 1222 2410 quae
1246 2329 1383 2409 accedit,
1415 2331 1477 2394 vel

293 2443 330 2504 ut
364 2436 462 2503 schol.
507 2437 548 2502 ad
583 2436 859 2519 Hephaestionem
895 2435 937 2520 (p.
968 2435 1031 2502 100
1064 2437 1119 2520 W)
1154 2435 1266 2502 verbis
1305 2442 1382 2501 utar
1417 2442 1483 2502 ὅτε

293 2550 405 2633 στιγμὴ
430 2544 606 2630 ἐπιφέρεται
630 2548 707 2629 αὐτῇ
731 2555 768 2629 τῇ
793 2555 913 2630 μακρᾷ;
1500 2533 1503 2538 ’

400 2635 513 2755 ἐρρέτω
532 2669 674 2747 ’ἐξαῦτις
698 2669 751 2742 6,4
776 2673 863 2748 pent.

400 2760 572 2914 σφεγδόναι,
598 2792 701 2860 εὖτ’ἂν
724 2794 761 2880 δή
786 2792 840 2873 3,2
864 2790 977 2874 pentfl)

401 2919 590 3004 μεμαγμένη,
615 2921 647 2985 ἐν
672 2922 736 3004 δορὶ
760 2917 867 2997 δὀἶνος
891 2919 942 2998 2,1
969 2918 1040 2981 hex.

402 3009 580 3128 otpcihhemm
605 3046 643 3128 ἣν
667 3048 751 3128 παρὰ
775 3043 879 3128 θάμνῳ
904 3043 965 3125 6,1.

403 3133 605 3252 ἐπαμεῖψεται
623 3167 629 3181 ”
648 3169 730 3231 ἀλλὰ
752 3169 883 3254 τάχιστα
908 3166 970 3246 9,9.

385 3272 414 3336 Ε
438 3271 591 3356 numeris,
616 3291 697 3352 quos
721 3272 943 3356 superscripsi,
967 3274 1082 3350 elucet,
1109 3292 1173 3354 qua
1196 3273 1232 3338 in
1255 3274 1332 3339 sede
1356 3293 1476 3340 versus

294 3376 390 3442 huius
425 3378 511 3444 modi
548 3379 712 3461 correptio
744 3379 836 3460 licita
869 3379 929 3444 sit:
963 3379 1002 3444 in
1036 3379 1206 3445 diaeresi
1238 3379 1474 3462 trochaica³)

295 3484 417 3564 primo
442 3485 532 3566 pedi
555 3485 631 3551 soli
655 3486 767 3566 eique
790 3485 990 3550 rarissime
1022 3485 1250 3553 conceditur
1280 3492 1318 3553 et
1349 3488 1473 3552 hexa-

294 3591 409 3656 metri
440 3596 478 3656 et
506 3592 716 3674 utriusque
745 3592 982 3674 pentametri
1013 3593 1149 3674 partis.

384 3696 476 3779 Quod
510 3700 638 3779 quidem
663 3698 845 3764 hexametri
868 3698 917 3764 ita
940 3699 1118 3780 compositi,
1144 3701 1235 3767 velut

382 3837 404 3906 1)
426 3839 551 3906 „Vocalis
570 3845 634 3894 ante
653 3840 772 3894 vocalem
792 3840 963 3907 corripitur.“
984 3839 1128 3909 Hephaest.
1143 3841 1225 3895 schol.
1246 3843 1277 3895 A.
1297 3859 1315 3910 p
1333 3843 1368 3896 98
1387 3842 1422 3895 W
1437 3867 1472 3888 =

294 3930 425 3994 Γεωργίου
435 3932 664 3995 τοῦΧοιροβόσκου
674 3933 809 3997 Ἐξηγησις
819 3935 855 3993 εἰς
865 3934 895 3982 τὸ
904 3933 1089 3996 Ἡφαιστίωνος
1099 3934 1254 3998 ἐγχειρίδιον
1265 3931 1471 3986 edHoerschel·

295 4031 377 4068 mann
387 4016 427 4085 (in
443 4017 536 4070 anecd.
554 4034 611 4073 var.
623 4034 664 4087 gr.
681 4018 721 4072 ed.
733 4019 902 4072 Studemund
914 4020 982 4074 1886
992 4036 1016 4087 p.
1028 4019 1113 4088 39‚9):
1138 4025 1161 4072 εἰ
1175 4024 1226 4086 γὰρ
1236 4022 1312 4087 λήγει
1323 4020 1371 4090 (sc.
1382 4027 1474 4087 μακρὰ

229 4131 230 4136 =
296 4104 421 4174 συλλαβή)
441 4123 478 4168 ες
494 4113 595 4174 φωνῆεν
608 4112 656 4159 καὶ
673 4111 719 4175 τὴν
738 4111 796 4174 ἑξῆς
809 4111 864 4174 ἔχει
878 4112 930 4160 ἀπὸ
943 4113 1090 4176 φωνήεντος
1105 4113 1258 4176 ἀρχομένην,
1272 4113 1347 4176 κοινὴ
1363 4115 1472 4177 γίνεται.

384 4191 407 4261 ²)
425 4194 511 4263 Heph.
532 4195 613 4249 schol.
633 4213 658 4264 p.
681 4198 728 4250 101
749 4196 806 4251 W.:
827 4201 873 4250 ἐὰν
893 4200 957 4264 αὐτῇ
976 4202 1154 4265 περισπωμένη
1173 4202 1321 4264 ἐπιφέρεται
1340 4214 1408 4265 quae
1428 4199 1474 4252 lex

295 4281 350 4335 iam
369 4282 470 4336 dudum
488 4283 547 4337 inre
566 4302 583 4339 a
601 4284 668 4339 viris
686 4285 773 4340 doctis
793 4286 902 4353 explosa
921 4293 971 4340 est.

385 4369 405 4442 ³)
423 4372 549 4427 Dehiatu
555 4373 691 4427 trochaico
700 4374 816 4442 primum
824 4375 978 4429 scr.Kaibel
989 4374 1323 4444 (ind.lect.gryph.1885);
1337 4375 1473 4445 elegiacos

295 4466 482 4527 perscrutatus
501 4469 545 4516 ast
571 4478 661 4516 omnes
681 4462 815 4532 Georgius
835 4463 970 4528 Wentzel,
991 4464 1032 4518 'de
1051 4464 1154 4518 duobus
1178 4464 1245 4520 locis
1265 4463 1472 4520 Callimaoheis'.
