3258 5154
570 1355 580 1374 .
643 1255 814 1378 Vita.

230 1674 337 1738 Natus
361 1691 431 1736 sum
455 1671 662 1734 Hermannus
678 1667 889 1749 Dettmer‚
914 1664 1205 1740 hildesheimensis,
1231 1682 1316 1729 anno

140 1783 170 1846 h.
196 1800 220 1845 s.
245 1779 375 1844 LXVII
402 1775 523 1841 mensis
551 1774 746 1855 septembris
775 1773 827 1837 die
857 1773 925 1850 ΠΙ,’
953 1779 1049 1854 patre
1074 1772 1323 1852 christophoro,¹

143 1906 237 1969 quem
260 1889 472 1968 praematura
495 1890 600 1946 morte
617 1886 764 1962 ereptum
779 1882 885 1963 lugeo,
908 1887 1015 1944 matre
1031 1879 1200 1945 Mathilde.
1224 1878 1319 1942 fidem

141 1993 300 2078 profiteor
327 1989 570 2083 ‚evangelicam
617 1987 842 2052 Hildeslreimii
876 1987 1082 2070 gymnasium
1107 1988 1319 2050 Andreanum

143 2100 219 2183 adii,
245 2100 331 2164 unde
347 2115 425 2163 vere
449 2095 529 2160 anni
544 2095 741 2160 LXXXVII
765 2094 969 2158 maturitatis
986 2093 1204 2158 testimonium
1220 2083 1319 2172 adep-

143 2205 208 2288 tus',
240 2211 278 2270 ut
306 2203 420 2269 studiis
453 2201 623 2284 philologis
651 2220 703 2266 me
736 2203 856 2284 darem,
890 2201 1084 2282 Gottingam
1114 2219 1164 2264 1116
1197 2197 1320 2263 contuli

143 2313 253 2393 ibique
286 2330 344 2393 per
377 2309 519 2391 quinque
553 2307 727 2374 semestria
760 2306 879 2372 scholis
909 2306 1046 2373 intertui
1073 2307 1217 2372 virorum
1245 2305 1319 2370 illu-

145 2419 375 2485 strissimorum
394 2417 534 2500 Serippo,
551 2416 590 2480 de
607 2414 1078 2496 Wilamowitz-Moellendorli',
1095 2413 1181 2479 Guil.
1197 2415 1319 2496 Meyer,

144 2527 306 2608 Goedeke,
329 2525 373 2590 M.
394 2526 519 2606 Heyne‚
539 2525 675 2598 Roethe,
697 2523 863 2605 Kielhorn,
882 2523 1063 2605 Boumanm
1084 2521 1123 2586 G.
1140 2522 1177 2585 F.
1195 2520 1320 2603 Miller,

144 2632 319 2698 Rehnisch.
367 2629 483 2695 deinde
514 2629 687 2711 Marpurgi
716 2629 887 2694 Cattorum
915 2649 974 2710 per
1003 2629 1052 2694 bis
1076 2648 1170 2694 senos
1194 2645 1320 2692 menses

144 2737 266 2804 litteris
295 2736 408 2803 studui
431 2743 530 2816 atque
552 2736 600 2801 ibi
623 2735 745 2818 statim,
777 2754 849 2800 cum
882 2736 981 2800 etiam
1014 2743 1115 2800 antea
1139 2735 1321 2817 Gottingae

146 2844 381 2927 proseminario
417 2849 451 2907 et
484 2843 657 2908 seminario
692 2842 931 2924 philologorum
965 2842 1088 2908 ascitus
1120 2841 1254 2907 fuissem
1288 2846 1321 2904 et

145 2949 441 3017 exercitationibus
476 2949 608 3032 linguae
641 2949 828 3014 theodiscae
866 2950 1129 3014 moderatoribus
1164 2947 1320 3014 Mauritio

145 3059 262 3139 Heyne
293 3063 326 3122 et
358 3058 486 3121 Roethe
517 3095 558 3102 -
588 3073 653 3120 non
687 3054 771 3120 enim
802 3075 905 3136 usque
933 3058 976 3120 ad
1005 3056 1038 3120 id
1069 3045 1198 3138 tempus
1227 3055 1321 3120 semi-

146 3162 275 3229 narium
291 3164 493 3229 theodisc'um
510 3171 582 3228 erat
599 3163 787 3227 institutum
804 3201 846 3208 -
863 3162 1012 3243 idemque
1029 3162 1322 3228 exercitationibus

146 3270 291 3335 metricis
324 3271 470 3336 Udalrici
504 3273 544 3335 de
569 3269 849 3336 Wilamowitz-M.
876 3270 1109 3354 interfuissem,
1146 3271 1180 3334 in
1212 3289 1321 3335 nume-

147 3395 219 3440 rum
244 3376 402 3441 sodalium
426 3376 593 3442 seminarii
617 3377 805 3459 philologici
829 3383 863 3441 et
886 3376 1034 3442 historici
1059 3379 1199 3463 (rectore
1216 3379 1321 3442 Bene-

148 3483 236 3548 dicto
261 3482 360 3547 Niese
383 3481 454 3548 viro
488 3484 667 3552 clarissimo
697 3490 731 3548 et
753 3483 996 3567 humanissimo)
1026 3490 1059 3549 et
1082 3484 1241 3550 theodisci
1265 3486 1322 3548 ad-

149 3588 294 3670 scriptus
324 3608 395 3653 sum
418 3608 523 3670 neque
548 3591 636 3655 delui
661 3590 955 3656 exercitationibus
979 3580 1131 3675 metricis,
1162 3611 1243 3672 quas
1272 3590 1339 3657 vir'

149 3695 282 3761 doctiss,
303 3697 342 3760 E.
363 3696 447 3761 Grai
471 3698 659 3761 moderatus
684 3705 743 3762 est.
786 3704 855 3762 tum
880 3699 1098 3764 audiebantur
1123 3718 1143 3763 a
1167 3698 1322 3763 11161166-

73 3819 80 3834 ·
150 3803 265 3883 poldus
304 3802 459 3878 Schmidt,
501 3802 584 3883 Birt,
624 3803 797 3887 Wissowa
838 3804 930 3888 Grai,
970 3806 1160 3885 Schroeder‚
1204 3806 1323 3888 (ichen,

149 3909 276 3989 Natorp
301 3907 365 3974 viri
388 3927 465 3974 vere
483 3909 625 3974 ,humani
654 3915 753 3990 atque
782 3911 878 3976 docti.
925 3918 1107 3992 postquam·
1127 3919 1223 3992 patre
1246 3911 1325 3976 mihi

151 4014 320 4080 carissimo
349 4020 449 4095 atque
481 4014 688 4081 dilectissimo
717 4028 822 4081 morte
846 4027 960 4098 erepto
985 4019 1071 4083 domi
1102 4038 1160 4100 per
1184 4019 1324 4100 quinque

151 4122 323 4186 semestris
348 4140 467 4202 pueros
494 4121 702 4187 institutione
727 4125 907 4188 domestica
931 4125 1065 4208 erudivi,
1094 4131 1223 4190 aestate
1247 4126 1325 4190 anni

150 4228 370 4292 LXXXXIII
394 4228 518 4292 reverti
542 4236 576 4293 et
598 4230 770 4311 lllarpurgi
787 4230 820 4294 C.
855 4233 981 4296 scholas
1006 4232 1072 4296 adii
1096 4251 1177 4312 quas
1200 4234 1324 4297 habue-

151 4341 228 4399 ruut
252 4334 316 4398 viri
340 4334 521 4400 doctissimi
546 4336 715 4419 Wissowa‚
740 4337 826 4402 Guil.
851 4337 997 4422 Schulze,
1021 4339 1125 4415 Niese,
1152 4341 1191 4404 de
1215 4339 1323 4422 Sybel

150 4441 340 4519 Scbroeder,
378 4443 497 4525 doben,
534 4443 644 4510 Mirbt.
685 4463 772 4509 anno
802 4445 1024 4529 LXXXXIV,
1066 4446 1118 4511 die
1150 4446 1179 4511 9.
1208 4447 1325 4511 mensis
