3258 5154
632 393 854 456 -91-

157 587 280 668 dubito,
306 587 385 669 quin
407 586 470 652 nisi
494 588 738 652 excusationem
762 607 802 653 ex
825 587 992 654 locutione
1016 588 1216 671 proverbiali
1237 595 1335 671 petas

159 700 217 759 aut
240 693 461 777 fragmentum
485 703 524 758 ab
548 692 744 758 Archilocho
770 693 911 759 alienum
936 693 981 760 sit
1009 700 1067 760 aut
1090 694 1200 761 verbis
1223 700 1335 761 trans-

158 799 274 881 positis
299 799 346 865 sic
370 799 576 864 scribendum
590 799 657 886 sit:
864 789 897 892 ’,ἡ

241 905 388 988 Γλαῦκε,
407 904 532 1002 Q'
556 909 719 992 ἐπίκουρος
742 910 818 993 ἀνὴρ
843 910 940 994 φίλος,
966 911 1040 974 ἔσκε
1064 907 1238 994 μάχηται.)

247 1014 402 1095 Meyerus
425 1012 490 1077 illis
514 1011 641 1096 legibus
665 1012 843 1093 propositIs
868 1013 915 1078 sic
940 1012 1049 1096 pergit
1073 1009 1160 1098 (pag.
1186 1013 1280 1098 983):

319 1119 415 1184 ’diese
441 1120 565 1202 regeln‚
590 1119 712 1185 welche
738 1124 848 1185 zuerst
873 1119 926 1184 hei
945 1120 1168 1185 Kallimachus
1188 1120 1333 1186 deutlich

266 1227 507 1310 hervortreten,
531 1226 603 1292 sind
626 1226 794 1293 vielleicht
816 1246 880 1294 von
904 1226 970 1293 ihm
993 1228 1208 1311 festgesetzt.’

266 1333 330 1398 Sed
352 1331 418 1397 iam
435 1333 646 1398 confiderem
663 1332 761 1407 aliter
779 1351 814 1398 se
829 1333 959 1398 habere.
1006 1353 1078 1399 cum
1101 1333 1185 1399 enim
1204 1339 1338 1401 constet

159 1435 389 1504 Archilochum
420 1458 542 1504 summo
575 1439 682 1505 studio
717 1441 758 1504 ah
790 1439 1013 1504 alexandrinis
1045 1444 1225 1506 tractatum
1254 1459 1335 1521 esse,

162 1545 232 1611 eius
272 1545 491 1610 recensionem
530 1546 761 1611 Alexandreae
802 1546 926 1611 iactum
965 1564 1043 1631 esse,
1084 1547 1340 1629 Aristophanem

160 1652 409 1735 grammaticum
426 1671 557 1717 carmen
573 1652 761 1718 Archilochi
776 1652 1000 1737 longissImum
1016 1655 1163 1736 quodque
1180 1653 1337 1736 optimum

160 1757 332 1837 iudicasse,
363 1758 593 1824 Aristarchum
627 1758 695 1823 eius
725 1761 785 1840 ἕξιν
808 1758 829 1826 i.
854 1778 882 1824 e.
907 1758 1103 1825 facilitatem
1130 1759 1337 1843 adgnouisse,

161 1865 194 1930 in
223 1865 455 1947 componendis
490 1865 649 1932 trimetris
679 1885 832 1949 magnam
863 1885 934 1932 esse
969 1866 1213 1932 consensionem
1247 1866 1338 1932 inter

161 1972 409 2054 Lycophronem
445 1971 692 2037 alexandrinum
726 1982 759 2037 et
791 1972 1033 2051 Archilochum,
1068 1978 1270 2039 structuram
1303 1977 1337 2040 ἐν

161 2082 246 2144 κύτει
275 2096 359 2158 quae
387 2080 475 2159 apud
498 2078 728 2144 Archilochum
753 2085 846 2144 extat
875 2079 909 2144 In
932 2079 1148 2161 Lycophrone
1173 2079 1238 2144 solo
1261 2079 1338 2163 legi,

162 2186 309 2268 regulam
333 2183 470 2265 primam
504 2192 538 2250 et
565 2187 740 2251 secundam
764 2185 890 2268 Meyeri
924 2185 1022 2251 etiam
1054 2186 1089 2251 In
1119 2186 1338 2267 pentametris

162 2290 350 2355 Archilochi
367 2290 556 2377 ¹(etCallini)
577 2293 687 2357 sedulo
701 2291 879 2375 observari,
902 2292 1176 2357 Archilochum
1195 2311 1338 2357 censeo

163 2401 361 2462 auctorem
392 2397 530 2475 fuisse,
565 2417 635 2478 quo
664 2399 762 2463 duce
793 2397 1045 2463 alexandrini
1074 2403 1197 2469 artem
1231 2417 1338 2463 suam

163 2503 381 2586 elegantem
415 2504 656 2587 excolerent,
692 2504 886 2584 praesertim
923 2522 996 2569 cum
1033 2503 1224 2586 saepissime
1259 2503 1338 2569 illae

162 2609 252 2692 leges
277 2629 296 2674 a
320 2610 439 2675 ceteris
464 2609 618 2692 elegiacis
641 2609 852 2695 laedantur.2)

252 2767 274 2835 1)
293 2768 440 2823 Hoffmann
460 2768 525 2838 (ion.
544 2768 608 2821 dial.
628 2768 699 2822 1898
717 2784 779 2837 pag.
800 2769 851 2837 99)
870 2770 1008 2836 piaculum
1027 2768 1163 2823 commisit
1175 2768 1339 2855 Archilocho

164 2857 312 2911 obtrudens
332 2859 415 2912 talem
433 2874 542 2912 versum

559 2932 645 2980 πάντα
663 2932 776 2994 βροτοῖσι
794 2932 873 2992 πόνος
892 2932 942 2981 κτλ

661 3017 895 3106 ,tauta

253 3121 275 3189 2)
295 3123 407 3177 Accedit
426 3124 496 3190 quod
515 3124 613 3178 hlatul
633 3124 728 3178 dehlli
748 3140 826 3191 quem
845 3130 945 3179 vocant
964 3124 1010 3191 qui
1028 3125 1069 3191 fit,
1093 3125 1117 3179 si
1136 3125 1236 3180 vocalis
1256 3127 1341 3194 longa

164 3210 209 3265 vel
228 3211 413 3281 diphthongus
440 3212 470 3265 in
498 3213 626 3266 extremis
653 3212 763 3266 vocibus
787 3219 852 3267 ante
871 3213 992 3268 vocalem
1010 3214 1202 3281 insequentum
1222 3215 1249 3267 in
1268 3214 1361 3268 thesi'

164 3299 268 3367 dactyli
287 3301 439 3368 corripitur,
460 3301 489 3354 in
507 3301 662 3355 Archilochi
681 3301 778 3370 elegiis
798 3301 908 3370 (Lucae,
928 3302 1000 3355 stud.
1020 3303 1162 3372 theognp
1181 3303 1227 3370 55)
1247 3303 1339 3356 aditus

163 3393 242 3456 patet
261 3389 377 3442 maxime
396 3389 431 3442 ad
449 3389 561 3443 thesin
580 3390 726 3444 alteram
745 3390 847 3457 dactyli
867 3388 979 3459 (liiffl)
998 3407 1109 3458 perraro
1123 3407 1187 3445 vero
1204 3391 1339 3457 correptio

165 3477 230 3531 talis
249 3477 278 3530 in
296 3477 369 3531 thesi
387 3477 475 3545 prima
494 3478 650 3532 admittitur
664 3478 705 3548 (in
718 3478 875 3533 Archilochi
889 3479 1054 3533 hexametris
1067 3479 1219 3548 exemplum
1232 3479 1339 3533 nullum

165 3573 208 3620 est
226 3566 280 3635 -),
309 3566 337 3620 id
356 3567 426 3633 quod
446 3568 526 3621 ’mero
551 3567 633 3621 casui
653 3567 752 3636 (Lucas
771 3583 788 3634 p
808 3568 853 3637 59)
873 3567 992 3622 tribuere
1020 3567 1087 3622 mihi
1115 3568 1192 3622 nefas
1210 3569 1341 3637 videtum

165 3655 236 3708 unde
264 3654 324 3722 plus
351 3655 433 3708 fulcri
461 3656 613 3710 sententiae
641 3671 717 3710 meae
745 3657 902 3710 adcrescere
927 3665 1049 3723 autumo,
1078 3657 1273 3711 Callimachum
1292 3657 1341 3724 qui

166 3743 260 3812 (semel
279 3744 308 3796 in
326 3743 484 3799 hexametro
503 3744 529 3797 V
549 3747 581 3798 71
602 3747 641 3813 et)
661 3744 766 3798 semel
784 3745 813 3799 In
831 3749 1001 3814 pentametro

575 3833 647 3903 (62,2
666 3843 751 3886 κεῖται
770 3841 797 3888 ἐν
818 3836 936 3902 Ὀρτυγίῃ

696 3908 709 3958 1
730 3937 752 3962 υ
763 3903 766 3996 l
777 3938 800 3963 υ
828 3908 843 3958 2
866 3909 938 3962 ου3
954 3905 956 3994 l

167 4007 237 4058 quae
255 3992 374 4060 tripodIa
393 3994 538 4060 respondet
556 3993 597 4048 illi
615 3959 772 4050 Archilochi
791 3959 878 4050 lr.-90
919 3959 942 3971 ὴ

611 4087 713 4151 ῥόπτρῳ
750 4089 900 4152 ἐρειδομένη

689 4187 711 4212 U

727 4154 909 4243 μοι-Ι

167 4257 204 4312 cf.
224 4257 428 4313 Hill-Crusium
446 4276 509 4330 pag.
529 4261 598 4314 XIII
616 4263 661 4330 97)
680 4263 786 4317 hiatum
800 4263 965 4317 trochaicum
979 4261 1031 4316 sibi
1048 4261 1169 4328 indulsit,
1189 4262 1224 4316 ah
1241 4261 1340 4314 Archi-

168 4347 240 4401 lochi
259 4348 350 4401 studio
370 4349 502 4418 originem
521 4349 602 4403 huius
622 4351 777 4406 severitatis
795 4352 851 4405 iam
876 4351 976 4406 dudum
996 4367 1013 4404 a
1031 4350 1156 4404 Kaibelio
1181 4351 1342 4406 observatae

166 4436 293 4491 traxisse.
