3232 5148
595 399 818 464 -19..

110 622 200 695 Q
229 595 343 683 (ἡλίου)
369 595 452 675 743.
504 595 653 660 similiter
681 598 769 681 ἡλίου
798 576 877 682 epulor
905 595 1293 679 Semon.Amorg.1,19.

113 703 199 791 φάος
229 704 334 789 ἠελίου
365 703 509 785 Theogn.
541 703 604 765 712
639 702 744 786 (deest
777 702 864 782 apud
896 700 1128 766 Hoffmannum
1157 721 1188 782 p.
1214 702 1293 788 454)

109 800 198 897 φοίος
221 811 336 896 ἠελίοιο
357 809 503 892 Theogn.
521 809 595 876 569.
623 808 747 892 1143,¹)
773 808 864 874 cuius
887 807 977 873 vocis
1000 834 1020 874 α
1044 808 1237 889 producitur
1255 808 1294 873 -iu

110 907 321 982 nominativo
351 920 384 980 et
413 915 603 981 accusativo
633 916 716 995 plur.
747 918 828 1002 φοίεοι
857 918 950 1001 (φάεα
973 918 1057 981 καλοί
1079 965 1107 977 -
1130 945 1153 971 υ
1176 945 1198 970 υ
1221 965 1249 977 -
1272 945 1295 971 υ

110 1050 143 1090 π
169 1023 218 1106 15,
251 1019 345 1109 939,
377 1024 481 1088 τ417
507 1020 656 1109 [Schulze
680 1041 731 1102 qu.
756 1041 806 1102 ep.
828 1019 920 1109 206];
953 1022 993 1087 ci.
1017 1025 1168 1109 περιφοίεα
1192 1025 1295 1088 κύκλα

111 1131 202 1212 Opp.
226 1130 302 1195 Hal.
326 1130 360 1194 II
384 1130 416 1210 6)
441 1129 530 1194 etin
556 1129 669 1195 dativo
693 1129 775 1211 plur.
805 1132 896 1215 φοίεσι
920 1128 1121 1214 (Callimach.
1146 1130 1230 1211 hym.
1261 1129 1294 1194 in

111 1237 216 1303 Dian.
242 1239 307 1318 11.)
1110 1237 1114 1244 ’

209 1349 315 1441 δίῃ-υ
338 1380 381 1389 --
406 1341 483 1424 733)
530 1361 724 1423 quamquam
746 1360 905 1422 nusquam
926 1342 996 1407 fere
1018 1341 1096 1407 alibi
1113 1341 1162 1428 (at
1178 1343 1295 1408 Aesch.

112 1453 182 1532 Ag.
201 1451 262 1516 131
289 1451 358 1516 cod.
384 1452 464 1514 med.
489 1439 548 1516 ἄτα
565 1451 712 1529 praebet,
738 1451 823 1529 quod
840 1450 928 1514 haud
944 1449 1011 1513 scio
1029 1468 1071 1514 an
1088 1449 1296 1515 Hermannus

114 1563 156 1622 et
172 1557 443 1623 Wilamowitzius
466 1556 588 1622 iniuria
612 1555 813 1621 sustulerint¹
829 1560 891 1643 ἄγα
912 1556 1163 1637 substituentes)
1186 1557 1296 1622 brevis

114 1663 246 1729 vocalis
269 1664 391 1747 legitur
415 1664 567 1729 -unde
591 1663 800 1727 Hermannus
831 1661 933 1745 (elem.
965 1663 994 1726 d.
1026 1683 1066 1727 m.
1098 1683 1119 1744 p
1151 1664 1207 1750 86)
1238 1669 1295 1751 ἀτη

115 1777 313 1852 corruptum
344 1789 384 1836 ex
415 1773 475 1858 ἄλη
507 1773 627 1850 censet,
662 1768 887 1835 Schneidewin
918 1772 1016 1857 αὐοίτη
1048 1769 1154 1834 deleto
1179 1789 1221 1836 sc.
1247 1773 1295 1857 ἥδ’

115 1877 319 1957 emendavit,
344 1877 496 1942 Meineke
520 1880 608 1963 ἀοίτη,
632 1875 805 1956 Emporius
829 1880 848 1963 ἡ
873 1879 953 1964 μοίτη
977 1914 1020 1922 -
1045 1882 1078 1941 et
1101 1877 1169 1959 ipse
1192 1879 1297 1942 Hero-

116 1983 239 2049 dianus
264 1983 454 2070 (ed.,Lentz
478 1983 495 2047 I
518 1983 648 2062 53319.
672 1983 706 2048 H
730 1983 849 2065 314,20
873 1988 906 2047 et
930 1984 1039 2048 adnot.
1063 1984 1098 2049 H
1116 1983 1195 2069 948)
1220 2004 1296 2065 pro-

116 2089 309 2156 ductionem
333 2089 533 2154 testificatus
563 2096 613 2155 est
637 2088 756 2171 prioris
788 2090 944 2171 syllabae,
974 2108 1059 2170 quae
1090 2091 1141 2156 his
1170 2110 1297 2171 quoque

116 2196 203 2262 locis
226 2197 343 2261 habes:

84 2313 88 2322 ’
180 2322 208 2385 1.
233 2320 267 2384 a
291 2320 381 2386 arsi·
401 2321 518 2401 prima:
551 2287 610 2409 ἐτη
635 2320 697 2386 su.
724 2321 819 2400 rau
844 2318 899 2405 (2
925 2322 1068 2404 magn.
1094 2323 1178 2402 231).
1222 2290 1298 2410 ίτην

233 2427 377 2509 Theogn.
396 2427 641 2508 accurrendo
659 2446 698 2492 cx
715 2427 904 2509 Theognide
927 2434 1058 2508 sumpta
1073 2430 1190 2494 desunt
1211 2431 1299 2511 apud

232 2550 462 2616 Hoffmaunum
475 2571 495 2633 p
508 2552 599 2639 320);
612 2553 666 2619 vel
676 2557 784 2617 sexta:
799 2519 857 2639 ίτη
868 2553 932 2618 Sol.
950 2552 1055 2633 13,13,
1068 2553 1212 2636 Theogn.
1226 2555 1299 2621 119.

233 2642 319 2753 icat,
342 2676 401 2740 m.
425 2676 500 2740 631.
543 2643 617 2763 a,
641 2677 700 2742 m.
728 2677 799 2742 roa.

177 2801 209 2864 2.
233 2799 266 2863 in
290 2799 395 2864 thesi
419 2801 580 2864 secunda:
614 2768 688 2887 ᾰτῆς
716 2800 779 2865 Sol.
815 2801 901 2879 436,
931 2801 1075 2884 Theogn.
1103 2803 1177 2868 133.
1224 2770 1300 2890 ᾰτῆν

234 2906 298 2972 Sol.
325 2905 420 2990 13,68
444 2909 498 2988 (z
523 2907 667 2990 Theogn.
693 2906 780 2991 588),

122 3012 209 3078 nihil
233 3018 344 3078 tamen
359 3017 487 3078 mutare
504 3016 619 3092 audeo,
644 3013 838 3094 pracsertim
855 3032 927 3080 cum
943 3002 1109 3098 Bergkius
1126 3015 1170 3097 (in
1187 3018 1298 3082 adnot.

124 3121 158 3186 fr
183 3121 224 3184 73
254 3138 393 3200 quacum
422 3120 574 3185 conferas
605 3121 646 3186 K.
675 3122 726 3186 W.
754 3122 886 3204 Kriiger
915 3121 967 3187 Di.
993 3121 1011 3208 ξ
1036 3123 1169 3204 aaa)
1203 3129 1236 3188 et
1266 3123 1300 3188 in

19 3315 21 3322 Α
124 3226 240 3309 primis
250 3227 387 3333 Scbulze
404 3247 455 3307 qu.
475 3246 523 3309 ep.
540 3229 605 3293 443
621 3229 696 3293 adn.
710 3230 747 3311 1,
764 3235 948 3310 correptam
964 3231 1125 3310 syllabam
1138 3230 1229 3295 vocis
1242 3239 1299 3317 ἄτη
1432 3316 1435 3326 Ι

125 3333 266 3415 primam
287 3335 357 3421 (ἄτη
378 3347 416 3407 <
431 3322 552 3419 *fabul
576 3353 648 3400 mea
672 3335 837 3400 sententia
866 3340 955 3400 recte
979 3336 1202 3418 argumentati
1225 3337 1300 3402 sint.

146 3527 159 3542 ,
216 3440 337 3538 EQ&
362 3471 384 3497 υ
407 3491 434 3503 -
458 3440 632 3528 331123)
667 3441 768 3544 ’Apso
793 3441 844 3505 48.
888 3441 923 3506 in
946 3446 1058 3507 eadem
1084 3444 1162 3507 sede
1185 3462 1300 3509 versus

124 3547 222 3635 Ἄρης
239 3567 290 3628 ap.
308 3548 401 3629 uyrc
421 3549 524 3631 mar.
562 3535 865 3637 arsennaria).
893 3548 1172 3628 amonemur.
1193 3550 1299 3630 maa.

218 3740 240 3810 1)
258 3741 361 3796 Eadem
380 3741 517 3809 copulatio
536 3758 616 3811 saepe
634 3743 746 3812 legitur,
765 3751 794 3796 ct
814 3743 885 3812 apud
905 3743 1041 3799 Theocrit.
1060 3744 1140 3798 XXII
1161 3744 1202 3798 84.

220 3830 239 3899 ²)
259 3829 355 3899 Longa
374 3849 392 3883 α
410 3847 467 3884 voc.
486 3846 590 3899 semper
609 3847 652 3899 ap.
663 3832 819 3900 Homerum,
837 3832 995 3898 Pindarum,
1010 3833 1128 3902 tragicos
1148 3831 1195 3903 (cf.
1206 3832 1301 3897 ᾶνᾶτος

128 3919 255 3988 Aeschyl.
275 3920 361 3988 suppl.
381 3920 441 3974 410.
479 3920 576 3988 Agam.
597 3920 686 3989 1211).
1005 3919 1009 3926 '

219 4006 240 4077 3)
259 4007 368 4075 Syllaba
387 4007 460 4076 prior
478 4008 567 4063 brevia
587 4008 750 4078 (ci.Harder
769 4012 801 4065 de
821 4029 838 4063 α
856 4027 914 4065 voc.
926 4012 959 4065 73
974 4011 1049 4080 squ),
1069 4012 1116 4064 sed
1136 4010 1170 4064 ab
1194 4011 1300 4079 epicis

131 4096 267 4150 interdum
294 4098 454 4165 producitur
481 4114 535 4153 non
563 4100 640 4153 modo
668 4099 696 4152 in
725 4100 880 4154 sublatione
908 4101 941 4166 (Ε
969 4101 1030 4168 821,
1050 4101 1110 4167 829,
1131 4101 1154 4153 Ε
1174 4102 1207 4155 31
1228 4103 1302 4167 Ἆρες

127 4186 203 4251 Ἄρες
221 4188 272 4237 κτλ
283 4186 392 4240 Hesiod.
403 4193 464 4240 scut
473 4188 516 4255 98,
534 4190 596 4256 192)
615 4189 662 4242 sed
681 4189 764 4242 ctiam
785 4190 813 4243 in
831 4189 965 4259 positione
976 4191 1051 4260 (Hcs.
1063 4195 1130 4243 scut.
1141 4189 1222 4243 Herc.
1241 4191 1301 4257 59);

130 4290 174 4342 ap.
189 4274 371 4328 Pindarum
390 4260 480 4344 ’Ᾰρης,
501 4307 530 4315 -
555 4269 652 4343 ΙᾹρεος,
671 4271 741 4345 'dcet
764 4287 792 4333 ct
810 4280 879 4345 Ἄρει
898 4279 974 4332 cuius
996 4279 1164 4347 paenultima
1182 4284 1225 4332 ter
1243 4294 1302 4346 pro-

130 4363 250 4427 ducitur,
269 4363 311 4416 bis
329 4364 418 4418 brevis
438 4372 480 4419 est
499 4365 547 4420 Ne.
568 4367 600 4420 X.
620 4368 663 4435 81,
682 4367 712 4420 Ρ.
728 4369 774 4421 XI.
793 4369 836 4435 36,
857 4368 938 4422 semel
958 4383 1057 4435 anceps
1071 4367 1222 4434 Js.11133;
1242 4367 1303 4435 pari

131 4452 209 4508 modo
227 4468 244 4505 a
263 4452 408 4522 tragicis
427 4455 586 4521 producitur
604 4456 634 4508 iu
652 4456 780 4511 diverbiis
800 4463 828 4512 et
847 4456 949 4511 melicis
960 4457 1165 4526 tragoediarum
1177 4455 1303 4523 partibus

1164 4565 1196 4617 2*
