3232 5148
791 383 1008 447 ,32-

401 576 561 642 Vocalis
594 602 626 674 ῳ.
655 577 891 660 correptionem
930 578 1032 643 habes
1072 583 1209 660 propter
1245 577 1426 645 dialectum
1470 580 1513 645 in

311 686 470 751 vocabulo
507 684 614 781 Ἐξ)
649 687 734 768 quod
769 704 789 750 a
818 683 964 750 librariis
996 683 1066 750 fere
1098 684 1218 766 ubique
1248 684 1348 754 etiam
1383 693 1513 752 metro

311 793 465 856 obstante
487 791 521 856 in
545 795 625 872 ζωός
647 795 808 857 mutatum
832 796 897 856 est:

453 899 708 986 γίγνεται’χοὶριν
731 902 766 965 δὲ
789 901 908 984 μᾶλλον
931 911 985 964 τοῦ
1004 901 1083 996 Q
1107 899 1260 986 διώκομεν
1283 899 1359 978 63,2

310 1003 379 1090 (ubi
402 1007 502 1088 vulgo
528 1009 621 1086 ζωοῦ,
646 1004 702 1070 sed
726 1009 817 1071 reete
840 1024 861 1069 a
884 1005 1030 1070 Persona
1059 1005 1288 1092 emendatum).
1336 1005 1510 1073 similiter
1601 1007 1602 1062 ἶ

309 1111 409 1195 vulgo
438 1112 564 1178 Samon.
597 1112 766 1196 Am.1,17
800 1113 890 1193 ζώειν
923 1121 957 1177 et
989 1112 1133 1178 Herond.
1159 1112 1210 1196 1,4
1242 1115 1324 1200 ζωῆς
1356 1113 1507 1198 legitur,

311 1238 504 1300 quamquam
527 1224 666 1283 metrum
694 1222 775 1316 Qu
805 1223 840 1284 et
862 1221 935 1316 Q
959 1219 1114 1301 postulat,
1146 1222 1232 1302 quod
1264 1218 1385 1301 optimo
1415 1220 1506 1286 iure

311 1344 421 1392 ornnes
445 1325 585 1392 editores
608 1324 643 1390 in
667 1331 856 1391 contextum
879 1330 1076 1407 receperunt
1099 1325 1387 1407 (Fick-Hoffmann
1411 1331 1505 1416 ζόην

310 1451 368 1514 pro
406 1431 508 1518 ζόειν).
553 1431 676 1513 >itaque
709 1436 860 1515 correpta
885 1436 1027 1498 -tantum
1066 1431 1172 1498 forma
1204 1451 1301 1514 quem
1337 1432 1386 1497 illi
1426 1435 1502 1500 loci

310 1544 455 1622 tuentur,
478 1557 551 1604 curn
574 1543 713 1604 metrum
736 1538 982 1622 pmductionem
1006 1529 1151 1622 respuat,
1181 1538 1410 1622 iambographi
1437 1542 1499 1606 usi

310 1651 395 1711 sunt.
443 1651 477 1710 et
507 1645 576 1728 ipse
599 1648 785 1712 Herodotus
814 1649 871 1734 ζόη
900 1665 959 1728 pro
984 1648 1049 1733 ζωή
1073 1645 1213 1726 scripsit.
1260 1646 1375 1726 quodsi
1398 1647 1497 1712 Her-

309 1771 447 1818 mannus
467 1753 520 1838 (de
542 1757 635 1818 metr.
657 1773 677 1834 p
695 1754 759 1818 118
783 1753 884 1834 Orph.
902 1753 978 1834 721)
1002 1772 1061 1835 pro
1086 1757 1176 1818 certo
1200 1753 1302 1817 habet
1325 1755 1497 1836 correpti-

311 1877 403 1923 onem
427 1859 549 1924 nullam
574 1877 645 1924 esse
668 1859 701 1924 iu
727 1878 764 1925 eo
788 1878 897 1940 versu,
923 1878 1035 1926 errore
1058 1864 1176 1940 captus
1200 1864 1259 1925 est.

398 1966 469 2030 Iam
492 1970 601 2030 autem
625 1965 849 2048 cognoscimus
872 1965 1024 2031 librarios
1049 1965 1148 2031 etiarn
1179 1971 1350 2047 poetarum
1378 1968 1494 2050 tragi-

310 2090 419 2137 corum
430 2091 541 2138 vocem
558 2076 614 2160 ζόη
631 2073 751 2154 ubique
766 2077 869 2138 metro
885 2073 956 2154 ipso
971 2074 1178 2156 'repugnante
1194 2075 1260 2159 ζωή
1277 2072 1494 2154 rescripsisse

309 2178 465 2260 (Diodori
485 2181 548 2246 lex.
566 2179 713 2261 Sophoel.
730 2199 760 2260 p.
777 2180 854 2261 209)
867 2199 931 2260 qua
955 2181 1115 2245 decanea
1134 2178 1159 2244 ii
1175 2184 1242 2244 tres
1257 2198 1373 2246 versus
1388 2179 1493 2245 simul

309 2293 501 2367 argumento
511 2290 665 2351 suntnon
675 2291 765 2351 recte
774 2288 998 2351 Hermannum
1006 2285 1168 2368 (Grotium
1179 2287 1338 2367 secutum)
1349 2286 1491 2351 tertium

308 2410 438 2459 versum
462 2393 603 2458 eiusdem
626 2389 666 2457 ir.
682 2393 724 2458 63
749 2392 794 2458 ita
817 2393 980 2484 corrigere
996 2392 1140 2459 voluisse
1157 2392 1210 2476 (de
1226 2398 1319 2458 metr.
1340 2411 1370 2474 p.
1389 2393 1487 2478 118);

490 2501 563 2580 ζὼοι
588 2501 758 2586 ανθρωπὼν
782 2524 917 2567 κακιστα
939 2502 983 2587 τῷ
1008 2503 1128 2567 θανοντι
1152 2501 1277 2586 γίνεται,

309 2624 381 2671 cum
405 2607 581 2672 abhorreat
597 2605 761 2671 aratione
785 2613 902 2687 poetae
925 2607 1028 2672 nostri
1044 2606 1277 2688 paenultimam
1296 2608 1499 2688 producere„

298 2715 405 2796 plane
428 2733 507 2780 vero
530 2713 640 2778 malim
662 2713 798 2778 Porsoni

308 2823 335 2886 οἱ
360 2822 426 2900 ζοοί
443 2822 450 2835 ’
467 2823 602 2888 κάκιστοι
626 2822 737 2908 δἀὐτῷ
757 2822 828 2902 (αἰεί
844 2819 1111 2905 Hiller·(lrusius)
1131 2832 1174 2908 τῷ
1194 2822 1314 2887 θανόντι
1337 2823 1482 2907 γίγνεται.

396 2927 641 3011 Diphthongi
683 2927 715 2992 si
756 2927 1026 3009 corripiuntur
1066 2927 1101 2991 in
1131 2926 1246 2992 mediis
1278 2927 1480 3011 vocabulisf)

307 3104 396 3172 λαγώς
415 3103 531 3172 Hippon.
551 3104 612 3169 36,1
632 3103 729 3170 quibua
747 3103 890 3156 Rennerus
909 3103 991 3172 (stud.
1011 3104 1033 3157 I.
1054 3103 1117 3172 219)
1136 3105 1224 3168 πλέος,
1244 3105 1342 3170 λαγοὺς
1360 3102 1479 3170 genuina

305 3193 397 3246 habet.
417 3194 471 3245 iam
481 3209 542 3246 cum
555 3191 750 3260 paenultimam
760 3190 841 3245 huius
855 3193 928 3245 vocis
941 3191 1071 3259 producte
1084 3191 1137 3245 dici
1150 3196 1268 3246 testetur
1281 3190 1477 3246 Choeroboscus

306 3281 348 3350 (B.
368 3283 400 3335 A.
421 3281 490 3336 1383
509 3296 623 3348 quocum
642 3278 766 3334 conferas
784 3282 809 3334 A
821 3280 873 3335 583
892 3263 977 3348 itaer,
997 3281 1062 3335 Hes.
1081 3284 1135 3332 Ειι
1149 3283 1173 3332 Η
1190 3281 1244 3335 338
1262 3262 1348 3348 iluna,
1367 3280 1476 3334 Theocr.

305 3370 338 3423 V.
351 3371 384 3424 18
404 3370 482 3424 alios.
500 3370 683 3438 neglexerunt
700 3369 919 3437 productionem:
939 3371 952 3424 Ι
971 3369 1023 3425 639
1042 3362 1269 3422 coaulicorum
1288 3371 1373 3436 θυμόν.
1394 3369 1476 3423 ’1178

306 3458 383 3527 ῐλᾶος
401 3464 476 3514 ἐστιν.
502 3459 637 3513 Pindarus
648 3457 688 3512 01.
701 3458 753 3513 ΙΙΙ.
765 3460 808 3526 34,
827 3458 903 3523 ῖλᾶος
923 3461 1080 3524 ἀντιθέοισιν,
1100 3459 1197 3512 ΡΧΠ.
1212 3477 1225 3513 4
1242 3451 1318 3521 ῖλᾶος
1337 3459 1474 3511 ἀθανάτων.

305 3549 434 3603 Theocrit
452 3548 566 3602 XXVII.
587 3549 620 3602 15
640 3548 716 3611 ῖλόιος
734 3548 855 3617 Ἄρτεμις
874 3553 923 3615 εἴη,
948 3547 1091 3616 Sophocles
1111 3547 1154 3601 OC
1175 3548 1252 3616 1480,
1277 3546 1475 3614 Aristophanes,

305 3638 486 3693 Callimachus
513 3639 542 3691 in
571 3638 651 3691 Dian.
671 3639 724 3691 129
752 3627 828 3701 ἶλᾶος
852 3637 906 3706 all,
926 3637 959 3690 ci.
979 3636 1111 3691 Thesaur.
1130 3636 1183 3690 vol.
1202 3636 1250 3690 IV.
1269 3653 1287 3704 p
1306 3634 1377 3703 579),
1397 3636 1474 3702 scrip·

305 3733 394 3782 turam
413 3730 489 3791 ῖλοιος
507 3725 654 3796 genuinam
674 3726 767 3779 habeo.

394 3815 416 3886 1)
434 3817 467 3870 de
495 3831 547 3883 qno
574 3815 636 3869 vide
655 3815 734 3868 Thea.
754 3815 795 3869 lv
813 3831 830 3882 p
849 3814 891 3883 55,
918 3815 1028 3884 Krliger
1051 3812 1094 3868 Di.
1114 3813 1130 3883 ξ
1149 3815 1173 3882 2,
1197 3816 1223 3882 6,
1242 3815 1266 3866 4.
1290 3813 1368 3883 022,
1392 3811 1432 3878 10,
1449 3812 1472 3864 3.

305 3906 465 3974 Brugmann
482 3905 536 3959 Mu
555 3905 599 3972 1,8
617 3904 732 3974 (Reisig,
751 3903 886 3957 enarratio
906 3902 1000 3971 Oedipi
1013 3901 1232 3971 ColoneipOLI)
1251 3900 1405 3968 Hoffmann,
1423 3900 1471 3953 iou.

306 3994 370 4048 dial.
390 3995 451 4062 281,
471 3996 532 4061 510,
551 3994 611 4048 524.

395 4083 416 4152 ¹)
437 4083 479 4137 De
497 4083 579 4136 liniue
597 4082 670 4136 modi
688 4081 858 4148 correptione
878 4081 1006 4135 disseruit
1025 4081 1056 4135 G.
1076 4078 1303 4150 Meyer³griecu
1317 4095 1359 4149 gr.
1372 4079 1405 4148 §5
1419 4079 1472 4144 154,

306 4173 366 4243 155,
386 4173 534 4240 tauquam
554 4172 586 4225 ue
605 4171 701 4226 mediis
724 4169 864 4225 vocabulis
889 4185 993 4238 sequor,
1019 4169 1092 4223 haud
1117 4169 1198 4237 plane
1220 4168 1302 4237 probo
1321 4168 1354 4222 (le
1373 4183 1470 4233 correp

305 4261 387 4327 tione,
407 4278 475 4329 quae
494 4261 523 4314 in
542 4261 670 4316 extremis
684 4260 823 4315 vocabulis
841 4260 874 4314 fit
887 4259 1021 4328 (hiatus
1039 4257 1163 4312 debilis
1176 4258 1253 4324 'qnae
1271 4256 1396 4323 vocatur)
1415 4265 1470 4322 poet

304 4350 323 4406 J
324 4351 419 4404 oannis
429 4351 520 4405 Lucae
529 4350 670 4418 disputata
680 4349 763 4419 (stud.
775 4349 915 4418 theognii.
928 4349 1005 4417 1893,
1015 4363 1078 4416 pag.
1090 4347 1215 4416 47-50),
1230 4346 1276 4414 qui
1286 4349 1468 4414 argumentum

304 4455 388 4508 grave
407 4448 503 4494 eontra
521 4438 640 4494 Hartelii
658 4440 696 4508 (h.
716 4446 750 4492 at.
770 4438 868 4507 11141)
887 4438 1053 4492 sententiam
1071 4436 1138 4488 mihi
1155 4435 1264 4489 videtur
1282 4433 1434 4501 protulisse.
