3232 5148
643 355 866 418 „41-

217 557 328 640 γόρτον
352 557 411 640 ἐμῇ
435 565 573 639 συνεχῶς
598 556 667 618 δότε
690 554 825 639 γαστέρι,
853 549 856 639 Ι
881 557 936 639 ἥτε
960 576 1010 639 μοι
1034 555 1092 618 αἰεί
1117 551 1204 618 Crat.
1231 554 1293 630 1,3.
1375 521 1381 530 ⁸

166 661 286 726 Anacr.
305 661 397 743 1121
419 659 586 742 Bergkius
602 658 791 724 litterarum
807 658 949 741 vestigia
965 677 1117 740 premens
1134 659 1180 724 sic
1197 658 1345 725 restituit

165 769 294 865 T—el-lrm
316 770 474 854 ἱμερόεντα
497 769 556 833 κτλ
580 767 638 831 sed
662 771 781 848 tamen,
807 784 879 830 cum
902 765 981 830 mihi
1005 765 1179 847 displiceat
1202 765 1344 832 eiusdem
1469 783 1473 792 ’

168 874 290 939 vocalis
328 872 493 954 repetitio,
534 872 661 938 Reiskii
701 875 817 960 Τελλίᾳ
855 878 1016 953 praeopto
1057 872 1118 958 (ita
1156 878 1190 938 et
1224 873 1344 938 Hiller-

166 980 325 1064 Orusius).

254 1087 335 1151 Inde
359 1086 547 1167 scripturae
570 1085 728 1152 varietati
744 1084 892 1151 Archil.
909 1086 972 1167 21,
986 1104 1094 1168 uquam
1119 1085 1274 1168 Synesius
1297 1086 1344 1151 sic

168 1193 318 1274 protulit:

215 1303 247 1367 ἐν
272 1304 336 1387 δορὶ
361 1302 415 1388 μέν
440 1325 489 1388 μοι
514 1303 598 1388 μᾶζα
622 1301 811 1387 μεμαγμένη,
837 1302 869 1365 ἐν
893 1303 928 1365 δο
949 1303 957 1364 l
982 1299 1061 1378 οἶνος
1085 1299 1149 1385 (ap.
1173 1301 1293 1366 Athen.

638 1418 729 1472 recte
753 1406 874 1491 δὀένος)

166 1496 292 1578 species
316 1498 385 1561 sola
410 1496 480 1563 veri
504 1494 651 1561 affertur?

254 1604 283 1669 3.
307 1605 468 1692 ἐπόμνυθιτ

184 1712 254 1797 μήτι
278 1712 365 1789 θεοὺς
389 1713 533 1798 ἐπίορκον
558 1712 712 1796 έπόμνυθι.
736 1708 738 1796 l
765 1715 883 1797 οὐγὰρ
908 1714 1037 1777 ἀνυστόν
1058 1710 1205 1796 Τυσοςυ.
1231 1710 1317 1774 1195

167 1815 222 1882 ubi
241 1817 387 1882 fortasse
403 1822 454 1882 est
470 1817 525 1897 qui
549 1835 590 1882 er
609 1822 714 1882 tomes
730 1817 898 1882 bucolicae
923 1817 956 1881 vi
972 1805 1193 1882 excusationis
1213 1835 1342 1881 causam

167 1923 303 2005 ducatl)

256 2031 284 2114 c)
310 2035 409 2110 atque
434 2030 575 2127 etiamg
598 2031 770 2095 vocalem
800 2035 916 2111 poetae
950 2037 1135 2116 gravantur
1165 2029 1286 2094 elidere
1309 2029 1343 2093 in

166 2137 356 2218 imperativi
379 2139 528 2203 clausula
552 2175 592 2184 -
611 2135 687 2222 503²)

233 2244 258 2310 ὦ
282 2257 347 2328 παῖ,
373 2251 413 2331 μη
438 2245 575 2331 κὼμαζε,
598 2246 717 2331 γέροντι
742 2248 776 2310 δὲ
799 2245 902 2310 πείθεο
926 2247 1011 2330 ἀνδρί
1035 2243 1156 2326 Theog.
1182 2242 1266 2309 1351

167 2349 209 2434 (si
231 2351 364 2434 integra
387 2351 492 2436 haec),

273 2476 327 2540 Vl.

253 2583 300 2646 At
324 2580 453 2647 omnino
478 2601 589 2648 omnes
612 2588 731 2663 poetae
756 2559 880 2646 hiatum
905 2583 947 2646 ah
970 2581 1127 2648 incisione
1144 2581 1342 2663 pentametri
1382 2603 1384 2606 ·

165 2688 352 2753 tetrametri
376 2687 518 2753 trimetri
543 2688 791 2768 prohibuerunt

256 2795 408 2860 Ceterum
442 2795 476 2859 in
508 2795 627 2860 finibus
644 2783 813 2862 'versuum
846 2795 955 2860 hiatus
980 2802 1021 2860 -et
1057 2795 1185 2877 syllaba
1219 2812 1340 2875 anceps

165 2900 385 2966 admittuntur
400 2921 465 2968 non
482 2901 575 2966 modo
598 2900 633 2965 in
648 2900 762 2966 metris
778 2905 860 2967 κατὰ
876 2905 981 2988 στίχον
1003 2900 1154 2981 repetitis
1170 2902 1226 2966 sed
1242 2901 1342 2965 etiam

164 3007 198 3071 in
221 2998 376 3092 epodis,³)‘
398 3027 481 3089 quae
506 3008 599 3072 binos
623 3027 739 3074 versus
763 3007 905 3088 impares
928 3007 1053 3073 habent
1076 3005 1173 3092 (Mar.
1190 3007 1340 3072 Victorin

165 3134 195 3195 p.
222 3114 264 3178 76
288 3115 328 3194 Κ,
359 3114 587 3197 Hephaestion
613 3134 642 3195 p.
668 3115 708 3177 71
733 3115 789 3179 W:
824 3119 896 3180 ὅταν
929 3117 1055 3203 μεγάλῳ
1080 3117 1176 3201 στίχῳ
1201 3118 1340 3200 περιττόν

165 3245 192 3286 τι
212 3223 413 3308 ἐπιφέρηται),

253 3330 283 3409 a)
308 3329 393 3413 μέλει
417 3326 536 3393 -οὐδ’
560 3328 602 3391 25

307 3437 389 3521 κέμη
414 3429 569 3521 -ὧμους
593 3435 635 3497 29
707 3324 724 3488 l
752 3433 888 3498 trimetr.

307 3552 477 3606 accucurri
498 3542 621 3621 -ὀξὺς
645 3540 686 3604 61
708 3489 720 3643 l

306 3648 469 3733 κυκώμενε
493 3651 605 3714 -ἀνα
625 3699 631 3712 .
652 3699 658 3712 .
678 3700 684 3712 .
707 3646 749 3710 66

307 3756 415 3840 ὀδύρεο
439 3756 576 3820 --alla
600 3755 642 3818 66

307 3862 503 3946 γουνουμένῳ
528 3864 668 3939 -ἵλαος
693 3861 734 3924 75
912 3865 1042 3925 tetram.

307 3968 382 4054 μέθυ
406 3973 530 4033 -οὔτε
555 3967 595 4031 78

307 4076 529 4160 Πεισιστράτου
554 4077 718 4160 -ἅνδρας
742 4073 766 4138 C
792 4074 834 4139 46

251 4231 272 4300 1)
293 4232 327 4287 cl.
347 4231 447 4299 Christ,
467 4239 547 4286 metr.
567 4230 578 4265 ²
596 4231 612 4301 ξ
631 4233 683 4285 214
702 4231 802 4298 p.179.

250 4319 272 4390 ²)
292 4338 317 4375 v.
337 4321 450 4392 Bergkii
469 4323 547 4376 acino.
568 4322 602 4375 ad
621 4320 743 4389 Theogn.
763 4321 841 4374 1351.

251 4410 270 4480 ³)
290 4411 389 4465 Christ.
409 4419 486 4466 metr.
507 4418 518 4444 ²
538 4411 553 4480 ἕ
572 4410 625 4465 418
643 4417 672 4465 et
690 4426 752 4479 pag.
772 4411 833 4466 616.
