3232 5148
616 391 843 464 '-1?›‚—

138 590 287 671 syllabas
311 587 512 669 producendi
535 585 746 654 volventibus
769 587 865 653 annis
892 587 998 670 magis
1027 588 1195 671 magisque
1219 589 1318 654 demi-

141 701 273 778 nuatur,
303 694 555 759 Archilocheum
585 695 749 760 saeculum
777 714 843 759 non
875 696 917 760 ad
940 695 1007 762 vim
1037 695 1237 776 producendi
1261 698 1319 762 sed

142 801 341 883 corripiendi
358 801 529 868 dumtaxat
545 803 727 884 augendam
752 800 856 885 magis
878 801 1054 867 inclinasse
1078 803 1213 868 confido.
1262 805 1321 870 sed

139 929 216 975 num
239 909 325 974 idern
353 907 387 973 in
414 908 533 974 ceteris
564 907 702 988 ancipiti
729 910 800 973 loco
832 895 1000 974 collocetis
1027 909 1163 991 syllabis
1192 912 1318 978 valeat:

139 1018 323 1114 ffpffldwt,
358 1018 622 1112 διαπεπ-λιγμὲνος,
658 1018 863 1112 κεν-λήσομαι,
899 1017 996 1114 {lips
1034 1028 1159 1112 νε-ντρῶν,
1196 1019 1319 1115 adfine,

142 1143 202 1206 ego
228 1123 357 1203 quidem
382 1124 423 1188 ad
446 1123 481 1186 id
496 1127 623 1204 tempus
639 1124 737 1190 valde
753 1122 888 1206 haesito,
913 1142 1109 1203 quamquam
1124 1143 1189 1189 non
1204 1123 1320 1206 ignoro

140 1239 220 1295 ante
252 1233 304 1313 πλ,
335 1233 385 1309 al,
418 1231 463 1317 βρ,
496 1255 535 1316 ap
568 1229 602 1294 in
636 1229 750 1295 mediis
785 1230 953 1306 vocabulis
985 1231 1133 1296 vocalem
1166 1235 1200 1295 et
1231 1233 1321 1312 apud

139 1338 319 1402 Homerum
338 1335 460 1416 corripi
475 1337 527 1418 (cf.
546 1337 596 1402 La
610 1337 722 1401 Roche
739 1356 834 1418 pagg.
848 1337 878 1416 3,
893 1337 922 1419 6,
936 1336 969 1421 8)
982 1341 1016 1400 et
1033 1338 1121 1418 apud
1144 1339 1321 1406 nonnullos

141 1442 304 1526 elegiacos
327 1449 361 1508 et
384 1442 663 1526 iambographos1)
688 1448 722 1508 et
737 1426 890 1508 memoria
914 1447 1010 1508 teneo
1031 1443 1199 1526 augmenti
1222 1445 1320 1508 redu-

140 1550 371 1633 plicationisve
394 1550 542 1617 vocalem
567 1555 646 1615 ante
673 1541 798 1616 mutam
822 1569 849 1616 c.
874 1550 893 1615 l.
918 1556 1107 1631 sequentem
1130 1550 1260 1616 facilius
1285 1557 1320 1616 et

139 1658 247 1724 lenius
283 1655 409 1738 corripi.
463 1658 686 1737 quamobrem
709 1658 748 1721 de
782 1655 832 1721 his
864 1676 922 1722 sex
959 1656 1040 1722 locis
1072 1657 1209 1738 ancipiti
1245 1658 1319 1722 loco

139 1763 308 1830 collocatis
331 1782 400 1829 rem
429 1763 463 1828 in
494 1763 599 1830 medio
624 1763 782 1844 relinquo.
831 1763 954 1828 sedin
983 1763 1171 1828 extremis
1203 1783 1318 1830 voca-

139 1871 246 1936 bulis
280 1891 355 1936 non
390 1871 553 1951 produci
593 1870 670 1936 nisi
702 1870 741 1936 vi
777 1869 879 1935 ictus
915 1889 955 1935 ex
990 1871 1104 1936 tabula
1137 1871 1319 1951 praemissa

139 1978 317 2046 clarissime
349 1979 465 2044 elucet.
519 1978 779 2044 Archilochus
812 1977 924 2060 igitur,
956 1983 994 2043 ut
1026 1977 1216 2044 universum
1249 1977 1320 2044 eius

139 2105 233 2152 usum
269 2087 466 2169 adumbrem
502 2085 656 2150 omissis
691 2084 774 2150 illis
807 2103 874 2150 sex
904 2084 1065 2150 vocibus
1100 2085 1144 2150 de
1178 2085 1318 2165 quibus

140 2192 417 2260 controversia
449 2201 524 2276 est,
554 2191 850 2274 productionem
882 2192 1015 2260 brevis
1044 2192 1196 2258 vocalis
1227 2197 1320 2257 ante

140 2304 275 2366 mutae,
293 2319 320 2365 c.
342 2302 362 2366 l.
388 2300 664 2381 copulationes
688 2319 763 2365 non
788 2299 949 2365 admisit
975 2298 1052 2365 nisi
1075 2318 1214 2366 versus
1237 2298 1319 2364 ictu

141 2411 419 2474 sustentatam.
467 2406 508 2472 in
537 2406 676 2472 omnium
713 2411 823 2473 autem
852 2405 1069 2489 elegiacorum
1099 2406 1320 2486 antiquiorum

141 2513 288 2594 reliquiis
316 2514 393 2580 inde
421 2515 462 2579 ab
486 2513 682 2580 Archilocho
712 2519 748 2580 et
771 2513 896 2579 Gallino
926 2531 1026 2594 usque
1058 2515 1101 2578 ad
1124 2512 1318 2580 Simonidem

230 2689 251 2760 1)
272 2691 400 2774 Ante&
423 2697 547 2758 correpta
573 2689 674 2745 vocalis
698 2691 801 2758 legitur
824 2689 866 2744 bis
891 2689 921 2742 in
946 2689 1042 2744 mediis
1066 2689 1205 2744 vocabulis
1228 2690 1318 2744 Plato,

138 2815 203 2878 aba
219 2783 390 2898 redegit-Mod
412 2820 539 2885 pentem,
558 2815 681 2882 Aeschyl.
696 2816 712 2870 5
722 2783 913 2896 οτ-λῗτοπάλοῗς.
933 2817 1021 2896 art—ag
1045 2814 1142 2884 fragm.
1165 2815 1255 2884 adesp.
1277 2817 1318 2868 ll.

230 2940 303 2994 Ante
320 2939 508 3026 muhcognis
522 2939 574 2993 oar
589 2907 738 3020 cea-rdet,
759 2939 825 2994 1181
847 2908 1005 3020 uarat-riva
1018 2937 1204 3008 (menealne
1215 2939 1316 3007 Bergk.

139 3066 306 3145 καταγ-λῆναι
325 3063 458 3134 coniecit),
480 3065 550 3118 1229
564 3031 683 3146 afflue
701 3064 824 3117 vocalem
842 3069 993 3131 correptam
1016 3062 1045 3117 in
1064 3063 1160 3116 mediis
1178 3062 1319 3128 vocabulis

140 3152 230 3220 habet,
260 3153 331 3219 quod
357 3169 412 3207 non
440 3152 547 3207 mireris
576 3154 648 3222 apud
676 3153 814 3208 Lobonem
842 3158 871 3207 et
898 3153 1054 3220 Sophoclem
1082 3151 1124 3218 5‚1
1154 3151 1183 3206 in
1210 3152 1317 3206 nomine

140 3243 289 3323 noega-aq.

229 3350 303 3402 Ante
320 3367 357 3434 ff
373 3349 528 3405 litterarum
547 3348 748 3417 copulationem
767 3365 846 3419 saepe
864 3348 997 3418 correptio
1016 3349 1045 3402 in
1064 3347 1159 3402 mediis
1178 3347 1317 3402 vocabulis

140 3437 290 3504 reperitur:
315 3441 481 3518 Ἰσρ-νράτοος
502 3438 599 3506 Aphar.
616 3442 709 3491 orator
722 3438 821 3492 Athen.
837 3440 862 3503 1,
883 3442 986 3520 ἀ-κ-ρατῆ
999 3437 1112 3490 Theocr.
1128 3437 1184 3504 Oh,
1200 3437 1319 3516 ’.Δτρων

140 3542 180 3594 ps.
200 3555 233 3565 —
253 3526 408 3592 Empedocl.
428 3529 480 3596 1,1‚
507 3529 710 3606 Qeqevrtvov
729 3527 794 3582 ibid.
815 3531 896 3608 ἀ-κρος
920 3527 1003 3581 einsd.
1024 3527 1079 3593 1‚2;
1103 3525 1132 3578 in
1152 3526 1207 3578 arsi
1226 3526 1317 3578 soluta

140 3639 309 3696 tetrametri:
330 3642 499 3723 Kolmpctvav
519 3622 567 3689 ρ”ὺ
586 3692 614 3704 ,
628 3675 655 3705 ρ,
669 3643 807 3711 Hermipp.
821 3645 873 3710 4,1,
893 3647 1070 3712 augmentum
1089 3648 1118 3695 et
1136 3641 1318 3708 reduplicatio

141 3735 281 3798 correpta:
301 3733 420 3810 abaciaco
439 3729 541 3800 Theog.
556 3732 633 3799 1038,
653 3734 756 3799 ἐκρίθην
775 3732 916 3798 Astydam.
935 3733 971 3796 3.‚
990 3734 1138 3797 ἐκράτησαν
1157 3731 1250 3799 Eurip.
1265 3731 1315 3797 1,1.

231 3819 305 3873 Ante
319 3837 356 3902 τρ
366 3818 484 3873 fiuctnat
496 3834 622 3873 mensura
641 3800 747 3876 in'voce
765 3825 862 3887 πατρὸς
876 3852 909 3859 --
920 3825 936 3887 l,
957 3799 1031 3886 quae·
1044 3819 1221 3887 prod-vocali
1234 3819 1316 3873 semel

140 3907 246 3976 legitur
268 3923 310 3975 ap.
331 3908 453 3977 Theogn.
475 3909 534 3976 737,
564 3925 630 3963 corr¹
650 3914 693 3964 ter
716 3926 757 3978 ap.
778 3911 863 3964 Euan.
883 3910 979 3962 Perrh.
999 3909 1119 3979 Emped,
1145 3914 1174 3962 et
1192 3907 1317 3962 vocabuli

140 4001 242 4063 perper,
267 3997 342 4064 prod.
362 3996 451 4051 vocali
476 3997 517 4050 bis
543 4013 585 4066 ap.
605 3999 691 4052 Euen.
711 3997 770 4066 Th,
797 4015 862 4052 corr.
883 4015 924 4066 ap.
944 3999 1050 4052 eosdem
1070 4004 1098 4051 et
1117 3997 1199 4062 Crit.;
1227 3997 1256 4049 in
1281 3996 1316 4049 iis

141 4100 210 4152 quae
229 4085 263 4138 ab
282 4084 324 4139 his
343 4086 425 4141 ducta
444 4092 509 4140 sunt
527 4086 668 4155 productio
688 4088 769 4141 semel
783 4095 914 4154 πατρωϊον
934 4086 983 4141 Th.
997 4075 1047 4141 52¹1
1068 4095 1097 4141 et
1115 4086 1198 4140 semel
1216 4089 1318 4151 πάτραν

141 4190 222 4230 carm.
235 4189 295 4242 pop.
309 4176 380 4246 29‚1‚
400 4175 534 4244 correptio
553 4180 644 4242 πατρίς
662 4177 755 4241 Ζοιιτ,
774 4182 940 4244 πάτρης-ας
959 4175 1001 4230 bis
1016 4176 1077 4244 (Th.
1092 4175 1193 4244 Orat.);
1212 4189 1317 4242 semper

141 4263 287 4330 corripitur
300 4264 401 4318 vocalis
415 4269 517 4331 μέτριον
532 4265 608 4334 Crit,
622 4267 764 4332 οὑμμετρος
777 4266 818 4320 bis
833 4266 922 4335 (Soph.
938 4265 1025 4334 bric),
1040 4269 1151 4331 ἄμετρος
1164 4264 1205 4316 bis
1218 4263 1317 4332 (criu),

140 4351 283 4420 productio
292 4357 372 4420 πέτρη
382 4353 423 4407 bis
430 4353 524 4423 (Euan.
532 4353 606 4424 Ἧι),
617 4354 749 4424 correptio
759 4375 765 4407 :
775 4357 941 4421 Ἰσοκράτους
948 4353 1079 4423 (Aphar.),
1091 4356 1230 4420 ἀλλότριος
1240 4349 1316 4415 ὀῘθ-Πῡ

141 4441 201 4510 (Th.
213 4440 313 4511 soph),
327 4446 471 4509 ἀτρεμίζειν
485 4444 566 4514 (Th),
582 4443 769 4514 anteffstirpem
785 4447 838 4509 τριβ
849 4443 926 4508 θὶἕῐξ
936 4442 997 4512 (rh.
1008 4460 1088 4511 ps.--
1094 4443 1144 4497 Th.
1155 4443 1221 4496 brit.
1230 4441 1317 4510 Crat.)
