3232 5148
624 398 845 463 -35-

145 595 319 662 schiedene
348 595 560 677 antiquitat&
589 596 638 662 ,4.
662 594 821 660 Ludwich
852 596 890 660 Α.
914 596 944 660 h.
968 599 991 661 t.
1014 596 1049 660 H
1075 597 1148 679 121,
1173 596 1260 680 380),
1284 597 1322 663 in

144 703 285 769 iambis
318 703 380 769 vel
414 701 662 767 tetrametris
695 701 870 767 admissam
902 721 983 778 esse,
1017 720 1035 766 e
1071 703 1189 782 quibus
1218 703 1322 786 magis

147 829 245 890 quam
269 808 400 874 aliunde
423 827 526 891 genus
546 808 644 875 vivae
667 807 703 873 in
721 808 813 891 poesi
836 808 926 875 vocis
952 808 1170 892 cognoscitur.
1218 828 1323 891 neque

143 917 224 980 mihi
248 918 299 982 W.
317 916 452 982 Schulze
477 915 540 999 (qu.
558 935 606 996 ep.
627 915 688 980 101
713 935 737 980 o.
754 915 840 1000 adn.)
857 915 1022 997 persuasit
1037 915 1174 999 Bergkii
1197 916 1322 982 coniec-

144 1029 254 1088 turam
285 1011 513 1088 commeudan's
546 1023 705 1089 Διωνύσοι’
740 1032 882 1102 ἄνακτος,
919 1021 971 1087 cui
1002 1021 1096 1098 Fick,
1133 1022 1320 1106 Hoffmann,

143 1129 265 1195 Kaibel
289 1130 524 1212 assentiuntur,
555 1149 627 1195 cum
651 1129 822 1212 genetivos
845 1129 878 1194 in
904 1154 949 1195 σιο
974 1129 1025 1215 (σω
1049 1129 1105 1214 ειο)
1130 1116 1324 1196 terminatos

143 1255 167 1300 a
191 1237 348 1302 trimetris
372 1241 407 1301 et
430 1237 633 1302 tetrametris
657 1255 793 1319 prorsus
817 1236 982 1318 prohiberi
1005 1236 1139 1322 velim.¹)

237 1344 360 1426 Quibus
384 1343 563 1426 disputatis
587 1346 755 1410 Διωνύσοιο
779 1344 998 1426 corruptelam
1022 1345 1206 1410 habendam
1233 1350 1267 1409 et
1289 1345 1324 1411 in

146 1451 330 1516 Hermanni
355 1451 545 1517 coniectura

576 1543 734 1607 Διωνύσου
759 1549 891 1619 ἄνακτος

142 1667 244 1728 quam
286 1653 319 1712 et
351 1647 609 1712 Hiller-Crusius
642 1648 755 1732 (1897)
794 1653 908 1712 tenent
938 1647 1213 1728 adquiescendum
1254 1667 1325 1714 esse

146 1756 390 1820 demonstrasse
413 1754 491 1819 mihi
515 1755 638 1822 videor.
958 1823 961 1834 .

236 1863 406 1928 Διωνύσοιο
423 1871 555 1939 ἄνακτος
573 1861 692 1927 Simon.
707 1861 740 1926 C.
760 1861 864 1941 172,3.
898 1885 931 1927 τε
951 1864 1094 1928 ἀνάκτων
1111 1862 1235 1946 Jo.1,3,
1258 1862 1324 1940 alia

141 1987 197 2049 ap.
222 1969 409 2033 Rennerum
433 1987 463 2049 p.
491 1970 564 2046 148,
589 1969 847 2044 Kiihner-Blass,
872 1988 919 2050 gr.
945 1988 992 2050 gr.
1016 1969 1033 2033 Ι
1058 1966 1070 2006 ³
1095 1968 1167 2034 197.

237 2075 273 2172 σ-ἷ.
288 2075 344 2160 (cf.
369 2074 556 2168 Hollmanni
579 2093 731 2157 sagacem
756 2074 1018 2157 explanationem
1043 2074 1104 2140 ion.
1130 2075 1204 2140 dial.
1229 2076 1321 2161 558):

238 2186 329 2268 ῥοδῆς
352 2207 385 2247 τε
409 2185 507 2249 καλὸν
531 2183 629 2264 ἄνθος,
653 2185 672 2268 ἡ
697 2184 730 2248 δέ
754 2184 781 2247 ol
805 2184 886 2268 κύμη
904 2181 986 2264 292,
1011 2188 1044 2246 et
1067 2181 1101 2245 in
1119 2185 1232 2247 eadem
1247 2184 1323 2248 sede

146 2307 277 2355 versus:
305 2293 324 2376 ἡ
344 2291 433 2386 {Q
442 2291 520 2376 σάθη
539 2289 622 2372 97,1,
649 2267 796 2371 exerffia
820 2289 1009 2354 aRennero
1034 2290 1170 2354 collecta
1185 2289 1227 2374 (p.
1245 2289 1323 2375 149)

148 2400 235 2476 sunt,
261 2395 378 2475 quibus
402 2399 511 2460 demas
535 2395 714 2460 Mimnerm.
740 2396 823 2478 12,9.
1197 2393 1200 2400 ⁴

236 2504 282 2568 Ut
307 2507 469 2584 repetam:
499 2502 537 2569 vi
567 2502 746 2585 digammi
767 2506 815 2584 (ut
839 2502 887 2567 ite
910 2501 1057 2569 breviter
1079 2502 1192 2586 dicam,
1221 2509 1256 2568 at
1280 2503 1320 2568 cf.

147 2609 334 2676 Hoffmanni
349 2612 388 2674 de
408 2614 427 2697 ἡ
444 2612 478 2675 δέ
495 2613 522 2676 οἱ
539 2608 718 2694 disputata)
743 2614 955 2674 excusatur
971 2609 1104 2675 hiatus
1127 2610 1167 2674 in
1182 2610 1321 2676 Archi-

144 2715 248 2780 lochi
272 2714 457 2797 reliquiis
480 2715 645 2796 quater2)
670 2715 802 2799 etita,
826 2723 868 2780 ut

202 2824 229 2888 1.
253 2823 368 2905 longa
391 2822 541 2890 vocalis
564 2824 625 2888 vel
654 2820 933 2905 diphthongus
956 2837 1037 2902 'qua
1061 2842 1134 2890 vox
1162 2823 1322 2908 linitur,
1387 2823 1394 2838 '

252 2929 289 2994 in
316 2930 396 2995 arsi
420 2932 611 3011 producta
635 2934 817 3010 servetur
840 2931 990 3011 (semel),
1184 2937 1186 2942 '

200 3039 228 3101 2.
253 3037 387 3102 hiatus
415 3037 454 3102 in
478 3023 581 3101 thesi
604 3043 693 3118 post
723 3038 864 3103 breves
887 3038 1041 3103 vocales
1064 3035 1322 3119 prohibeatur

253 3145 357 3228 (ten).

236 3255 282 3316 At
305 3270 368 3316 non
393 3251 458 3316 iam
475 3253 593 3317 breves
617 3252 764 3334 syllabae
786 3251 821 3316 in
845 3271 1020 3317 consonam
1044 3257 1203 3316 exeuntes
1226 3251 1320 3317 huius

141 3357 280 3423 litterae
304 3358 337 3424 vi
361 3358 395 3422 in
421 3358 489 3422 arsi
510 3355 574 3444 (ap.
592 3360 772 3424 Homerum¹
792 3356 928 3440 3591ffl)
952 3364 1011 3423 aut
1034 3358 1118 3423 thesi
1137 3358 1266 3442 (Hartel
1291 3359 1320 3424 11.

144 3470 185 3528 st.
210 3465 260 3529 ΠΙ
287 3465 328 3528 72
353 3467 433 3546 sqq.)
457 3465 681 3546 producuntur
712 3484 816 3546 neque
845 3467 945 3548 longa
975 3464 1100 3531 vocalis
1124 3465 1193 3530 sive
1226 3464 1319 3545 diph-

235 3658 256 3727 1)
276 3661 415 3727 Attamen,
433 3674 500 3718 num
519 3659 692 3714 Hermannus
703 3659 812 3728 (orphic.
827 3661 876 3712 721
892 3675 955 3726 sqq,
975 3658 1038 3727 epit.
1059 3659 1143 3712 doctr.
1157 3662 1235 3711 metr.
1246 3658 1262 3728 ξ
1274 3659 1320 3728 81)

144 3753 174 3800 et
192 3748 385 3801 Mommseniuo
404 3747 506 3816 (adnot.
526 3749 587 3802 crit.
607 3748 730 3802 adPind.
745 3764 769 3814 p.
785 3749 845 3817 161)
858 3753 932 3802 recte
945 3747 1120 3815 exposuerint
1137 3746 1246 3800 illerum
1265 3752 1319 3800 ter-

142 3837 326 3888 minationnm
341 3836 395 3905 (οισ,
406 3855 455 3901 oro,
466 3838 515 3906 εισ)
534 3837 659 3890 ultimam
678 3852 744 3889 non
762 3837 843 3890 licere
856 3837 920 3890 elidi
939 3836 1008 3890 nisi
1027 3836 1056 3889 in
1074 3835 1216 3889 Pindari
1235 3835 1319 3902 epini-

146 3924 203 3992 ciis,
222 3924 288 3978 mihi
305 3933 368 3993 post
387 3926 505 3979 Sohulzii
536 3926 750 3992 disputationem
777 3926 856 3979 valde
883 3925 995 3978 dubium
1014 3925 1131 3989 videtur,
1158 3940 1319 3992 quamquam

145 4014 181 4066 ad
199 4014 349 4067 Hermanni
366 4015 489 4084 regulam
515 4013 616 4068 iudicia
635 4014 794 4083 diriguntur
820 4015 854 4068 ab
872 4014 898 4069 J.
920 4014 951 4068 G.
971 4014 1080 4067 Renner
1100 4013 1185 4082 (Curt.
1205 4013 1276 4067 stud.
1296 4013 1317 4066 I.

146 4103 243 4171 1308),
263 4102 293 4155 L.
314 4102 420 4170 lliiller,
440 4107 517 4157 metr.
537 4103 562 4155 d.
582 4120 622 4172 gr.
642 4119 669 4158 u.
689 4119 710 4155 r.
724 4120 741 4171 p
753 4104 796 4172 50,
817 4104 860 4156 W.
875 4102 970 4156 Christ
983 4103 1073 4170 (metr.
1086 4103 1110 4155 d.
1125 4119 1166 4171 gr.
1179 4118 1206 4155 u.
1219 4118 1240 4156 r.
1254 4117 1271 4168 p
1284 4102 1318 4156 35

142 4189 161 4260 ἕ
180 4190 233 4260 47),
252 4191 322 4244 Rud.
336 4192 459 4259 Westph.
474 4198 502 4246 et
515 4192 588 4260 Hug.
608 4192 748 4245 Gleditsoh
768 4192 846 4260 (allg.
865 4191 903 4246 th.
923 4191 947 4245 d.
967 4207 1008 4261 gr.
1028 4189 1076 4246 m.3
1095 4207 1112 4258 p
1131 4191 1201 4259 121).

215 4265 218 4270 ’
233 4278 255 4348 1)
273 4279 314 4332 De
328 4280 458 4349 digammi
470 4280 596 4350 vestigiis
609 4280 739 4349 exempla,
753 4295 822 4347 quae
835 4282 919 4335 ceteri
931 4284 1028 4349 politae
1040 4279 1156 4349 elegiaci
1169 4285 1197 4332 et
1209 4277 1318 4333 iambici

144 4367 270 4436 produnt,
284 4368 397 4422 collecta
411 4378 476 4424 sunt
490 4371 524 4424 ab
537 4369 562 4424 J.
576 4370 611 4424 H.
624 4369 741 4423 chrico
755 4368 876 4425 Schmidt
896 4368 1012 4438 „griech
1026 4368 1141 4422 metrik“
1158 4385 1183 4435 p.
1198 4368 1249 4421 178
1262 4383 1316 4435 sqq.

138 4457 171 4512 J.
184 4456 217 4513 G.
230 4457 347 4522 Renner,
367 4459 442 4512 Curt.
462 4459 663 4529 1111111145,
682 4460 734 4512 147
747 4475 810 4526 sqq,
830 4457 983 4525 Hoffmann,
1003 4458 1048 4511 ion
1067 4457 1130 4511 dial.
1150 4472 1175 4523 p.
1190 4457 1243 4510 556
1261 4472 1314 4522 sqq.

1176 4563 1208 4616 3*
