3232 5148
656 344 999 460 ¹-14-

300 592 402 658 Coum
435 596 552 657 extant
585 591 647 654 128
678 591 825 672 exempla
858 590 949 674 talia,
982 596 1020 656 ut
1055 591 1089 656 in
1120 593 1274 662 extremis
1309 596 1500 662 vocabulis
1596 671 1597 686 ¹

299 700 433 766 brevem
458 698 603 765 vocalem
625 704 717 764 muta
740 717 766 763 c.
791 698 811 764 l.
837 697 999 765 secundae
1015 699 1107 765 vocis
1125 705 1320 781 sequantur;
1345 709 1380 766 et
1403 702 1499 768 inde

300 825 322 870 a
345 804 490 871 Zeuxide
518 823 621 885 usque
650 805 692 870 ad
715 805 882 870 Oratetem
905 805 957 872 45.
1005 805 1039 871 in
1068 805 1134 871 illis
1161 807 1224 872 128
1255 807 1413 890 exemplis
1439 811 1497 874 53

299 916 379 978 sunt
406 911 628 994 productionis
659 910 826 992 inarsi1),
860 912 880 976 4
912 912 1101 995 (secundum
1125 913 1249 982 Goebel
1281 935 1302 998 p
1333 915 1387 1000 15)
1418 918 1497 1001 vel,

292 1021 457 1110 =neglectis
481 1020 544 1085 Sol.
573 1019 622 1100 13,
650 1020 691 1083 14
713 1025 749 1110 cb
772 1031 894 1106 πρῶτον
918 1024 952 1083 et
971 1020 1093 1103 Theog.
1115 1021 1179 1085 717
1203 1024 1286 1092 ἀλλὰ
1309 1024 1368 1109 χρή
1394 1043 1497 1104 quae

300 1131 417 1207 aperte
433 1144 473 1191 ex
489 1125 690 1220 poesinepica
706 1124 851 1206 repetita
869 1129 954 1206 sunt,
973 1127 1002 1208 2,
1021 1125 1240 1208 correptionis
1258 1127 1334 1210 w)
1377 1134 1495 1210 atque

300 1253 373 1299 curn
396 1233 484 1299 illius
501 1232 673 1314 positionis
698 1233 784 1314 apud
800 1233 977 1298 Homerum
1003 1234 1151 1316 exempla
1174 1234 1315 1315 plurima
1331 1237 1419 1318 (81,3
1446 1237 1494 1302 in

301 1339 454 1425 centena)
479 1339 701 1421 productionis
724 1339 759 1404 in
783 1338 851 1403 arsi
882 1339 994 1406 iactae
1023 1345 1147 1422 extent,
1179 1341 1217 1406 in
1245 1341 1305 1408 his
1330 1341 1492 1426 elegia-

300 1465 428 1512 corum
452 1446 720 1527 antiquiorum
743 1445 926 1527 reliqniis
949 1447 1046 1530 longe
1067 1447 1229 1513 maxime
1248 1448 1281 1517 in
1299 1449 1382 1515 thesi
1398 1458 1492 1516 ante

202 1549 207 1554 ’
299 1559 424 1619 mutam
440 1572 467 1619 c.
484 1553 506 1618 l.
523 1553 713 1635 corripitur3
738 1555 824 1634 quod
840 1553 1030 1619 accuratius
1045 1554 1265 1640 intellegetur,
1281 1555 1310 1620 si
1325 1575 1489 1622 numeros

300 1660 494 1726 adhibuero:
523 1661 574 1741 1,6
599 1659 774 1742 exempla
796 1659 836 1726 in
859 1668 1025 1726 centena
1048 1660 1106 1726 ita
1131 1660 1251 1741 fiunt,
1281 1667 1323 1728 ut
1346 1663 1488 1729 brevis

301 1767 451 1835 vocalis
471 1767 508 1832 in
530 1767 717 1833 extremis
733 1767 940 1834 vocabulis
960 1772 1052 1833 ante
1071 1773 1212 1833 mutarn
1231 1789 1257 1834 c.
1274 1769 1295 1834 l.
1313 1787 1486 1850 sequen-

300 1880 376 1939 tem
398 1875 437 1940 in
457 1875 562 1939 thesi
580 1876 865 1958 producantur,
888 1873 1015 1957 56,3⁰l0
1036 1874 1319 1961 corripiantur,
1343 1881 1486 1942 cetera

298 1983 375 2063 42,1
400 1981 439 2047 in
464 1987 629 2047 centena
652 1981 691 2047 in
714 1981 797 2046 arsi
820 1983 1097 2063 producantur.
1144 1984 1246 2048 multo
1266 1981 1484 2066 procliviores

300 2095 379 2154 sunt
403 2090 446 2154 ad
465 2088 704 2170 corripiendum
728 2088 973 2168 posteriores
997 2089 1072 2155 inde
1099 2109 1119 2154 a
1141 2089 1285 2155 Zeuxide
1310 2108 1410 2170 usque
1434 2093 1483 2156 ad

300 2196 478 2261 Cratetem.
525 2215 600 2260 nam
625 2213 698 2260 cum
718 2195 942 2276 productionis
965 2195 998 2260 in
1023 2195 1108 2260 thesi
1130 2196 1230 2278 nulla,
1253 2195 1287 2261 in
1312 2195 1378 2262 arsi
1401 2214 1481 2278 pro-

300 2305 420 2368 ductae
444 2301 566 2369 vocalis
597 2303 660 2367 duo
685 2303 832 2383 exempla
861 2301 1012 2387 extent,⁸)
1041 2303 1123 2367 haec
1156 2302 1242 2368 ratio
1272 2303 1370 2370 facile
1401 2321 1480 2386 cog-

301 2409 464 2474 noscitur:
505 2409 544 2473 in
576 2407 680 2473 thesi
710 2427 899 2489 nusquam
928 2409 1174 2490 producitur,
1206 2410 1482 2491 corripiuntur

301 2516 379 2596 95,6
409 2515 448 2580 in
463 2520 653 2596 centena,
686 2517 959 2595 producuntur
982 2517 1034 2599 4‚4
1064 2516 1102 2581 in
1135 2525 1307 2584 centena.
1361 2516 1479 2598 quibus

300 2621 443 2687 numeris
480 2621 657 2687 clarissime
692 2623 934 2706 demonstrasse
967 2623 1045 2688 mihi
1081 2623 1205 2703 videor,
1243 2625 1284 2690 ab
1323 2623 1478 2707 elegiacis

301 2728 550 2809 productionem
572 2728 605 2793 in
622 2728 776 2794 extremis
793 2729 903 2795 verbis
928 2735 961 2794 et
980 2729 1013 2794 in
1030 2730 1116 2795 thesi
1132 2749 1246 2797 versus
1271 2736 1349 2796 ante
1365 2737 1476 2796 mutae

302 2855 327 2900 c.
347 2837 367 2900 l.
394 2834 620 2917 copulationes
645 2835 757 2900 sedulo
781 2835 924 2902 vitatam
948 2855 1026 2919 esse,
1049 2874 1093 2883 —
1116 2836 1150 2902 id
1174 2839 1258 2917 quod
1281 2837 1347 2909 illis
1371 2837 1477 2918 po'etis
1525 2894 1528 2898 .
1602 2882 1603 2909 ,

301 2944 478 3007 obtrudere
516 2947 674 3022 quantum
711 2941 877 3023 piaculum
912 2941 954 3007 sit
992 2961 1084 3009 nemo
1120 2962 1184 3007 non
1218 2943 1319 3012 videt.
1376 2962 1477 3024 quare

301 3048 466 3132 Bergkius
490 3067 556 3114 non
587 3053 637 3112 est
666 3050 855 3129 probandus
884 3050 925 3114 ad
950 3049 1071 3132 Theog.
1096 3049 1160 3114 806
1185 3037 1305 3137 pes-{pb
1331 3045 1477 3116 scribens

300 3155 390 3240 (libri
412 3161 472 3242 χρὴ
501 3157 564 3242 μέν,
594 3153 853 3220 Hiller-Orusius
880 3162 940 3243 χρὴ
972 3155 1075 3242 (1)μεν,
1108 3153 1179 3238 „hic
1207 3155 1298 3220 locus
1328 3158 1370 3221 ab
1401 3155 1475 3222 aliis

301 3262 400 3327 aliter
422 3263 591 3327 tentatus“
613 3262 736 3344 Bergk,
762 3262 802 3327 cl.
822 3262 1061 3345 jahresbericht
1084 3263 1166 3326 iiber
1189 3261 1241 3326 die
1267 3262 1476 3328 iortschritte

300 3372 331 3435 d.
356 3369 454 3434 klass.
481 3366 537 3433 alt.
565 3368 650 3432 1888
675 3388 704 3449 p,
730 3370 793 3434 151
818 3369 880 3454 sq.)
912 3388 1016 3449 neque
1045 3369 1087 3433 ad
1110 3369 1172 3433 911
1198 3370 1473 3451 Pseudo-Theog-

301 3475 388 3541 nidis
404 3462 620 3562 εἰσῖἶτξόσθεν,
642 3478 727 3556 quod
742 3475 839 3558 plane
855 3476 982 3557 falsum,
1007 3475 1162 3542 scribens
1210 3477 1285 3559 ,εἰσί
1302 3477 1429 3562 sparteo
1445 3475 1476 3560 0,

391 3704 412 3773 1)
432 3705 585 3758 Secundum
604 3705 727 3759 tabulam
746 3680 879 3760 Goebclii:
906 3706 974 3761 Call.
995 3708 1019 3773 1,
1045 3704 1126 3761 Arch.
1146 3707 1170 3774 2,
1197 3705 1274 3773 Tyrt.
1293 3704 1319 3774 6,
1338 3704 1431 3758 Mimn.
1450 3707 1476 3769 b,
1520 3683 1529 3696 ⁵

187 3779 191 3788 '
300 3794 355 3848 sor.
375 3796 400 3859 5,
426 3795 506 3863 (411.
525 3794 577 3861 aa.
598 3795 668 3861 rep.
687 3795 722 3848 es
741 3795 855 3850 nascor.
874 3797 919 3851 11,
939 3797 996 3847 nar
1022 3795 1063 3848 eu.
1082 3793 1180 3848 xaiou
1200 3823 1233 3833 -
1252 3794 1286 3847 aa
1305 3793 1370 3848 uir.
1390 3793 1476 3862 pac.

301 3884 373 3938 unde
392 3883 536 3938 Gocbelius
555 3900 580 3951 p.
595 3886 628 3936 14
647 3883 694 3936 lin.
709 3885 742 3938 16
761 3884 800 3937 sic
819 3884 935 3938 scribere
955 3883 1083 3938 debebat:
1105 3883 1202 3952 „Solon
1221 3883 1249 3936 in
1269 3881 1476 3938 conversione

301 3971 447 4027 sexiens
477 3973 504 4025 in
528 3978 650 4027 extrema
669 3988 733 4026 roca
756 3972 918 4042 produxit“)‚
947 3972 1057 4027 Demod.
1078 3975 1103 4041 1,
1131 3972 1236 4039 Sappho
1257 3973 1281 4040 1,
1310 3970 1430 4039 Xenoph.
1451 3973 1475 4042 1,

303 4062 386 4115 Anao.
406 4064 431 4130 2,
451 4061 571 4130 Theogn.
591 4063 633 4132 20,
653 4062 716 4116 Sim.
737 4062 782 4116 Ca.
801 4063 825 4118 9.

391 4166 413 4237 ²)
433 4168 534 4223 Archil.
548 4170 572 4235 1,
592 4169 646 4222 Sol.
659 4171 684 4233 2,
705 4169 815 4238 Phocyl.
829 4170 854 4235 1,
874 4170 994 4238 Xenoph.
1009 4171 1034 4238 7,
1054 4170 1153 4226 Anacr.
1167 4168 1191 4232 2,
1211 4167 1257 4221 Er.
1271 4167 1296 4236 4,
1317 4166 1419 4237 Theog.
1432 4167 1476 4234 31,

302 4257 440 4325 Hipparch
461 4261 483 4325 1,
505 4257 654 4312 Simonides
674 4260 716 4314 22.

392 4363 412 4434 ³)
433 4363 588 4418 Goebelinm
609 4364 706 4434 elingit
725 4365 802 4421 Jonis
822 4367 879 4434 2,2:
900 4367 1055 4446 bb-rjppcbp'
1073 4380 1133 4417 cum
1152 4379 1216 4432 pag.
1228 4363 1289 4427 15‚6
1308 4377 1378 4420 unus
1397 4361 1477 4417 Anti-

301 4452 391 4507 maohi
409 4453 484 4506 locus
503 4453 604 4507 allatus
622 4454 666 4508 sit.
