3232 5148
624 353 824 416 ,9.-

133 568 213 631 pere
227 554 343 631 potest.
369 549 461 617 valet
471 553 582 614 autem
592 566 718 628 semper
727 547 762 612 in
772 547 923 614 versibus
934 547 1108 630 dactylicis
1118 549 1207 615 nullo
1220 551 1313 614 modo

135 656 251 722 vincta
266 675 371 736 neque
391 655 493 720 solum
517 655 553 720 in
568 653 758 720 Archilochi
776 654 922 734 reliquiis
942 655 1001 720 sed
1019 654 1119 720 etiam
1133 655 1168 720 in
1185 654 1313 734 Callini,

134 762 328 843 Mimnermi,
345 763 485 844 Solonis,
500 762 688 840 Demodoci,
700 761 895 844 Phooylidis,
909 762 1139 838 Anacreontis,
1156 761 1312 843 Erinnae,

133 868 326 950 Hipparchi,
339 869 555 953 Empedoclis,
566 868 730 951 Aeschyli,
747 868 924 952 Sophoclis
940 868 1120 950 Euripidis,
1132 868 1313 952 Melanthii,

134 975 284 1058 Dionysii
308 976 428 1053 Chalci,
447 975 658 1059 Thucydidis
684 975 883 1056 Antimachi,
910 976 1067 1058 Socratis,
1085 975 1217 1054 Critiae,
1231 976 1313 1040 Par-

134 1082 246 1163 rhasii,
281 1083 434 1165 Dionysii
472 1083 619 1165 Minoris,
657 1082 823 1165 Mamerci,
867 1081 1126 1165 Astydamantis,
1167 1082 1312 1163 Philisci,

134 1188 291 1270 Apharei,
309 1189 491 1272 Speusippi,
509 1189 709 1271 Aristotelis,
726 1188 871 1255 Cratetis
885 1188 940 1274 (=
954 1188 1019 1253 680
1035 1184 1132 1270 vers.)
1148 1190 1231 1254 haec
1244 1191 1312 1254 lex:

134 1296 173 1360 in
198 1295 406 1378 disyllabis
428 1302 479 1362 et
503 1297 666 1363 vocibus
687 1295 857 1378 plurium
879 1315 987 1375 quam
1008 1299 1171 1361 duarum
1190 1296 1313 1378 sylla-

135 1404 281 1487 barum,
312 1422 471 1484 quarum
505 1404 628 1486 prima
651 1403 696 1486 (in
722 1403 891 1485 disyllabis
916 1402 1017 1488 prior)
1046 1405 1107 1471 vel
1137 1406 1313 1469 secunda

135 1509 197 1576 vel
218 1509 344 1575 tertia
367 1511 522 1594 syllaba
545 1510 747 1592 positione
780 1509 1040 1575 consonantis
1072 1516 1202 1576 mutae
1234 1530 1312 1576 cum

134 1616 285 1696 liquida
317 1617 481 1682 iunctae
512 1619 705 1698 producta
730 1621 804 1696 est,
839 1616 1039 1698 percussio
1065 1635 1313 1681 numerorum

133 1722 173 1787 in
190 1723 289 1790 hanc
311 1725 505 1806 syllabam
527 1726 762 1806 productam
786 1722 932 1805 cadit.¹)
1193 1811 1194 1816 ἵ

226 1831 344 1910 Itaque
364 1830 398 1895 in
414 1829 565 1896 Goebelii
580 1830 747 1896 sententia
763 1830 805 1915 (p.
824 1831 900 1898 161
923 1831 978 1917 11)
994 1849 1059 1895 non
1080 1830 1145 1896 iam
1164 1830 1314 1911 acquies-

135 1937 272 2002 cendum
297 1941 357 2016 est,
382 1955 456 2002 cum-
478 1937 669 2020 praecipere
693 1937 845 2002 deberet:
882 1937 1003 2002 ‘utrum
1034 1937 1069 2002 in
1102 1937 1171 2003 arsi
1203 1957 1246 2004 an
1278 1937 1311 2002 iu

134 2042 220 2108 thesi
243 2044 444 2124 producatur
474 2044 571 2125 parvi
603 2045 707 2110 refert
741 2044 781 2109 in
817 2044 1000 2127 Tyrtaei,
1037 2044 1311 2126 Xenophanis,

136 2149 396 2235 Theognidis
427 2151 659 2229 Simonidis
697 2150 885 2216 Platonis
926 2150 1185 2231 carminibus
1219 2150 1313 2232 apud

134 2255 403 2339 Archilochum,
447 2259 635 2343 Collinum,
676 2259 941 2342 Mimnermum,
980 2255 1146 2324 Solonem
1175 2259 1313 2324 ceteros

134 2381 349 2448 magnopere
372 2367 549 2434 interest’

224 2471 386 2556 Sequitur,
420 2478 457 2538 ut
483 2473 707 2555 depositione
740 2471 846 2537 minus
873 2471 983 2540 valida
1008 2471 1205 2537 disseramus
1229 2490 1313 2551 quae

134 2576 172 2640 fit
197 2577 224 2642 si
247 2579 369 2644 vocalis
402 2581 512 2648 brevis
542 2581 576 2646 in
604 2580 669 2646 fine
692 2579 782 2647 vocis
812 2580 969 2644 iunctura
992 2583 1104 2644 mutae
1128 2597 1153 2643 c.
1179 2579 1198 2644 1.
1222 2578 1312 2644 vocis

134 2683 337 2764 insequentis
370 2686 541 2767 excipitur.
602 2706 663 2768 quo
697 2687 770 2768 plus
806 2663 890 2751 luc'ri
931 2689 973 2751 ad
1005 2685 1312 2750 commentationem

134 2797 281 2856 nostram
314 2794 482 2877 redundet,
514 2794 602 2858 haud
635 2793 774 2858 alienum
806 2792 938 2860 videtur
971 2791 1180 2858 considerare
1215 2810 1312 2872 quam

135 2897 295 2962 rationem
327 2898 489 2966 Homerus
529 2900 572 2965 sit
606 2905 745 2965 secutus.
797 2898 1043 2991 accuratissime
1074 2898 1125 2964 La
1157 2898 1310 2979 Rochius

136 3023 230 3084 quem
258 3007 372 3070 ducem
406 3026 533 3092 sequor,
566 3027 595 3088 p.
627 3006 756 3071 19-41
797 3004 1033 3086 ’quaestionum
1064 3005 1309 3070 homericarum’

136 3111 222 3177 3503
238 3111 326 3178 locos
349 3114 520 3196 congessit.
567 3113 696 3180 illorum
711 3114 946 3181 vocabulorum
969 3131 1029 3195 ego
1055 3117 1309 3193 expectaveram

135 3218 278 3284 fortasse
310 3226 463 3300 quartam
487 3222 540 3288 vel
574 3216 721 3301 quintam
754 3225 881 3302 partem
914 3220 960 3285 sic
992 3218 1132 3302 positam
1162 3237 1242 3302 esse,
1274 3226 1312 3284 ut

135 3326 264 3408 syllaba
287 3327 494 3408 copulatione
516 3333 627 3393 mutae
651 3346 677 3392 c.
696 3328 716 3392 l.
737 3331 877 3407 excepta
900 3327 934 3391 in
957 3325 1044 3391 thesi
1067 3327 1311 3407 produceretur.

136 3434 193 3496 sed
215 3437 388 3513 postquam
418 3434 526 3500 omnia
549 3434 679 3517 singula
703 3433 951 3516 diligentissime
974 3433 1185 3514 perlustravi,
1214 3434 1311 3514 plane

136 3538 224 3604 aliud
249 3540 419 3621 apparuit:
443 3561 484 3606 ne
512 3542 637 3607 decima
661 3540 800 3622 quidem,
826 3541 921 3605 immo
939 3559 981 3604 ne
997 3539 1164 3605 tricesima
1181 3539 1311 3619 quidem

135 3663 213 3727 pars
236 3645 284 3710 ita
308 3645 417 3727 posita
440 3653 502 3726 est,
526 3650 583 3714 sed
608 3648 711 3714 solum
735 3648 777 3712 23
801 3647 964 3712 vocabula
986 3647 1040 3713 vel
1064 3646 1221 3711 6811111
1245 3644 1309 3711 dis-

134 3770 267 3834 pescere
291 3753 393 3833 potui,
418 3760 456 3819 ut
479 3756 566 3821 ratio
592 3755 636 3820 sit
660 3753 837 3836 100:1,9e
861 3754 881 3820 i.
906 3773 932 3818 e.

222 3891 244 3963 ¹)
264 3893 386 3949 conferas
401 3895 434 3949 de
448 3895 552 3949 latinae
567 3895 635 3948 artis
649 3893 1310 3963 1111811111(1101111111111111.(81111111111

134 3981 213 4052 1887)
227 3999 251 4050 p.
265 3985 308 4052 15,
328 3984 418 4038 Stiera
436 3984 479 4037 die
497 3984 603 4052 prosod.
617 3983 776 4038 functionem
788 3984 886 4038 inlaut.
899 3999 934 4036 m.
948 4000 970 4037 c.
985 3984 1001 4037 l.
1015 3982 1058 4035 bei
1071 3981 1176 4052 Vergil,
1196 3983 1310 4037 0111111-
1372 4023 1375 4030 .

134 4071 200 4124 witz
210 4072 288 4139 1898,
299 4071 366 4126 Rasi
376 4073 427 4128 riv.
438 4072 465 4126 di
478 4073 543 4127 filol.
556 4073 625 4128 1899
635 4089 659 4140 p.
671 4075 724 4127 242
734 4089 771 4140 sq.
783 4103 817 4110 —
827 4080 947 4126 ceterum
957 4071 1081 4127 observes
1094 4071 1267 4141 productioni
1280 4071 1311 4124 in

135 4160 190 4214 arsi
205 4160 280 4229 pedis
293 4162 386 4228 quarti
400 4162 551 4217 hexametri
565 4160 661 4232 (Gi-{1332
682 4164 706 4228 2,
720 4163 745 4230 3,
758 4163 784 4230 4,
797 4163 822 4229 9,
836 4163 896 4229 19,
911 4160 964 4232 16),
977 4160 1139 4229 quinquiens
1151 4159 1310 4214 incisionem

134 4264 201 4318 quae
220 4258 262 4305 est
287 4254 358 4303 κατὰ
376 4255 462 4318 τρίτον
483 4260 607 4320 τροχαῖον
625 4266 812 4322 praegressum
831 4265 896 4318 esse,
916 4251 998 4304 semel
1017 4249 1237 4317 semiquinariam
1255 4263 1311 4303 nne

135 4355 195 4394 cum
207 4338 329 4394 bucolica
347 4340 377 4393 in
391 4356 472 4395 versu
490 4341 586 4395 mutilo
605 4342 622 4396 3
635 4342 664 4393 in
683 4356 734 4408 quo
747 4340 835 4394 forma
847 4339 906 4407 ipsa
919 4342 1083 4421 bmptxloror
1096 4337 1243 4392 offensione
1255 4351 1310 4391 non
1331 4373 1334 4380 ·

135 4434 209 4482 caret
228 4428 317 4498 (iuxta
337 4433 394 4510 topi
413 4429 448 4500 2).
469 4461 503 4470 -
522 4431 554 4484 de
573 4429 749 4498 productione
768 4428 798 4482 in
816 4428 945 4483 extremis
964 4427 1103 4484 vocabulis
1122 4445 1146 4482 v.
1165 4443 1191 4495 p,
1211 4426 1253 4482 10.
