3258 5154
161 2125 305 2191 Euenus

160 2267 288 2347 Pigres

160 2407 203 2473 Ιο

160 2636 387 2717 Thucydides

160 2777 292 2845 Critias
365 2850 367 2856 ,

160 2918 393 2986 Antimachus

160 3059 263 3128 Plato

160 3377 374 3446 Aristoteles

161 3500 303 3586 Sappho

162 3643 296 3708 Erinna

159 3766 320 3834 Anseres

160 3887 361 3958 Simonides

160 4279 374 4362 Fragmenta

225 4369 394 4452 aduspots

641 389 683 396 -
731 353 771 415 79
819 390 859 396 -

587 529 908 614 Ρυυύυιηούυι·.’

481 743 544 806 ἦτ’
564 743 657 805 ἀνδρὸς
685 742 745 794 106.
773 745 819 792 καὶ
847 746 941 808 δμωσὶν
968 743 1029 796 302.
1060 748 1105 794 καί
1133 745 1243 810 ζεύγλην
1270 743 1331 797 848.

481 833 527 880 καί
539 831 649 902 Μουσῶν
663 829 740 883 1056.
759 833 805 880 καί
823 832 927 896 πλούτῳ
941 831 1018 884 1122.
1038 835 1084 882 καί
1103 833 1195 896 ῥυθμόν
1207 831 1266 885 964.
1286 834 1332 882 καί
1350 817 1352 821 ’

481 922 594 982 πετρέων
605 901 730 971 lumin
743 923 853 984 σπείρειν
864 919 923 972 106.
943 924 988 970 καί
1002 925 1076 985 τιμῆς
1089 919 1148 974 666.
1168 922 1214 971 καὶ
1233 917 1331 970 τούτων

482 1005 542 1059 356.
554 989 607 1056 καί
617 1009 716 1072 σαπροῦ
725 1007 803 1062 1362.
823 1009 908 1073 Κύρν’,
919 1009 1011 1073 ἐχθρός
1020 1009 1062 1061 92.
1083 1011 1128 1073 μὲν
1137 1010 1257 1060 πλουτεῖν
1268 1005 1328 1061 158.

482 1096 540 1159 μηδ’
559 1093 736 1160 ἄχθου1032.
765 1097 823 1161 μηθ’
842 1097 924 1161 ἕρδειν
944 1095 1020 1150 1182.
1049 1099 1083 1162 μὴ
1102 1101 1181 1146 πίνειν
1199 1096 1260 1150 840.
1288 1101 1331 1148 νύν

482 1184 555 1248 δἠδη
574 1183 635 1236 970.
653 1185 801 1250 νύνπολλῇ
820 1185 862 1236 48.
883 1187 908 1235 οἳ
926 1187 1024 1235 τούτων
1043 1184 1120 1238 1186.
1141 1187 1166 1235 οἳ
1183 1188 1255 1251 τάμά
1269 1186 1330 1239 346.

482 1271 536 1322 οὐδ’
554 1273 617 1337 ἥβης
636 1271 714 1325 1070.
740 1275 785 1323 σὸν
805 1271 898 1335 seinos
917 1273 995 1326 1320.
1020 1275 1069 1324 σύν
1088 1274 1163 1339 καλῷ
1184 1274 1260 1327 1336.
1291 1291 1331 1326 τοι

481 1360 586 1410 πολλῶν
597 1360 639 1414 74.
658 1362 736 1411 πολλ’
749 1364 813 1424 ἕξεις
823 1361 885 1414 558.
903 1363 948 1412 εἴθ’
959 1363 1029 1427 ὅρκῳ
1040 1363 1099 1416 200.
1120 1365 1147 1424 ἐς
1158 1363 1259 1429 πολλὴν
1269 1365 1338 1418 560..

481 1451 508 1498 ἐν
526 1449 636 1510 πολλοῖς
654 1448 714 1502 636.
736 1451 789 1499 ἐστ’
808 1453 903 1514 ἀνδρὸς
920 1450 980 1504 658.
1000 1456 1049 1516 γῆς
1068 1453 1090 1501 δ’
1110 1447 1186 1516 οὖρος
1205 1451 1265 1504 826.
1285 1457 1331 1504 καί

406 1559 408 1562 -
443 1558 444 1562 ¹
481 1537 591 1601 ζεύγλην
610 1535 671 1590 848.
700 1538 754 1588 οὐδ’
774 1541 881 1604 αίσχρύν
904 1537 946 1591 86.
975 1545 1029 1600 τοῖς
1054 1540 1170 1602 δ’ἀλλοις
1188 1540 1248 1593 854.
1277 1531 1331 1592 οὔτ’

482 1626 550 1690 αὐτῷ
569 1625 630 1678 866.
650 1626 679 1687 ὃς
692 1627 789 1676 τούτων
800 1625 859 1679 034,
880 1625 928 1678 οὐκ
947 1628 1038 1692 ἔδρησῗ,
1052 1627 1112 1680 954.
1132 1644 1172 1678 τοι
1190 1635 1251 1695 νικᾷ
1269 1629 1329 1684 972.

441 1740 443 1746 .
481 1728 509 1762 τε
531 1716 630 1779 ψυχρην
652 1713 730 1766 1252.
758 1729 799 1765 τοι
826 1717 907 1780 ταύτῃ
932 1715 1010 1769 1372.
1036 1733 1076 1766 τοι
1099 1719 1171 1783 χώρη
1191 1716 1253 1770 822.
1280 1724 1330 1769 τῶν

481 1803 577 1866 ἐχθρῶν
587 1801 648 1855 562.
667 1808 717 1853 τῶν
730 1804 843 1854 δ’ἀλλων
853 1804 912 1857 700.
928 1807 972 1854 τὸν
985 1805 1079 1870 Μήδων
1093 1806 1152 1857 764.
1172 1822 1201 1856 τε
1214 1808 1329 1858 σπεύδειν

481 1890 540 1942 080.
560 1907 589 1941 τε
605 1891 694 1956 πρώτη
710 1892 785 1944 1146.
805 1897 852 1958 τῆς
870 1894 973 1958 γνώμης
988 1893 1063 1946 1222.
1083 1899 1133 1944 τῶν
1154 1896 1237 1945 αὐτῶν
1253 1895 1328 1949 1334-

480 1981 515 2039 ῶς
534 1981 624 2044 ἄνδρες
642 1977 685 2032 68.
705 1981 765 2031 ὥστ’
783 1983 863 2030 εἰπεῖν
882 1981 942 2033 414.
1018 1989 1022 1996 ’
1148 1997 1150 2001 ·

480 2122 512 2169 ἐκ
520 2123 615 2171 πόντου
625 2119 674 2172 Th.
685 2121 746 2174 672.
765 2123 782 2186 ἢ
796 2123 862 2187 λύπη
877 2123 902 2174 6.
920 2124 938 2188 ἢ
952 2124 1033 2189 λύπης
1043 2122 1094 2191 2,2.
1114 2127 1160 2174 καί
1170 2127 1267 2200 ῥᾴστης
1279 2126 1329 2191 1,6.

479 2264 530 2326 γὰρ
549 2264 634 2328 πάσης
652 2262 677 2313 2.

480 2405 508 2454 δὲ
527 2401 635 2470 κρητῆρ’
653 2401 703 2472 2,2.
727 2408 774 2454 καὶ
793 2405 892 2467 παίζειν
912 2403 979 2468 1,16.
999 2410 1045 2456 τού
1063 2410 1161 2471 χαίρειν
1182 2408 1250 2472 1,10.
1277 2413 1328 2459 τῶν

480 2489 567 2542 ἄλλων
586 2492 655 2557 2,10.

478 2636 510 2685 ίκ
528 2635 633 2684 πολλῶν
652 2635 676 2686 4.

477 2779 524 2826 καί
542 2778 646 2841 γράψας
664 2776 715 2841 4,2.
735 2780 780 2830 καί
799 2781 878 2828 πίνειν
897 2778 966 2842 2,,26,
986 2781 1031 2845 τἠν
1051 2781 1130 2845 αὐτὴν
1149 2780 1199 2844 22.

478 2931 518 2968 τοι
537 2920 611 2968 δώσω
630 2917 681 2978 32.

477 3061 494 3124 ἡ
513 3061 617 3125 τλήμων
632 3059 680 3121 1,2.
699 3064 745 3110 καί
765 3061 848 3126 βληχή
861 3059 930 3123 242.
950 3065 995 3110 καί
1014 3065 1076 3126 γαίη
1092 3062 1159 3130 ii‚·2.
1179 3068 1225 3114 καί
1243 3068 1326 3131 πάντη

477 3147 528 3213 8,2.
549 3149 598 3213 οὐχ
616 3148 696 3213 εὑρών
717 3148 785 3215 173.
808 3148 873 3212 18,2.
895 3150 943 3213 ούχ
963 3150 1029 3200 οὕτω
1049 3150 1099 3212 8,4.
1121 3153 1167 3217 τὴν
1186 3154 1255 3218 ῶρην
1274 3155 1325 3222 2,4.
1394 3167 1395 3172 ’
1497 3185 1501 3192 -

477 3241 525 3301 φεύ
544 3241 621 3302 γαίης
640 3237 708 3302 10,2.
727 3238 763 3298 ὡς
781 3238 890 3298 πολλοῖς
911 3237 977 3303 14,2.

477 3382 504 3440 ἐς
522 3377 624 3428 κλεινόν
643 3375 695 3442 3,1,
714 3379 769 3428 οὐδ’
788 3381 866 3428 αἰνεῖν
885 3376 935 3440 3‚3.

477 3506 523 3552 καί
541 3503 632 3574 κιύπαν
652 3501 738 3565 1202.

478 3647 504 3694 ἐν
523 3644 606 3709 τύμβῳ
624 3642 675 3712 6,8.
713 3695 714 3698 ,

477 3770 522 3818 καί
541 3770 627 3828 ξείνων
647 3767 733 3830 111,4.

477 3893 508 3941 ἐκ
526 3894 628 3942 πάντων
649 3887 734 3955 1002.
758 3893 810 3942 ἔσθ’
828 3891 890 3958 ἥβης
909 3883 996 3957 suin
1023 3895 1049 3955 ἐξ
1067 3895 1175 3960 Ἄργους
1195 3896 1254 3949 168.
1278 3899 1324 3946 καί

476 3983 540 4030 νικῶ
560 3978 618 4031 162.
642 3982 688 4029 καί
706 3981 803 4046 χλεύης
822 3977 891 4046 882.
917 3983 966 4047 μὴν
985 3983 1080 4046 θνητῶν
1100 3981 1169 4048 834.
1194 3985 1248 4034 οὐδ’
1266 3987 1322 4034 ἵκευ

478 4067 563 4133 iisd.
584 4067 629 4118 οὐδ
648 4067 712 4132 ῆρθη
732 4067 818 4135 111,4.
838 4077 891 4131 τοῖς
909 4073 1001 4120 κείνων
1021 4069 1062 4121 92.
1083 4074 1151 4121 τοῦτ’
1170 4072 1250 4122 ἐλθών
1265 4072 1324 4124 127.

477 4161 526 4206 τῶν
544 4159 635 4217 ἵππους
658 4155 740 4221 1324.

477 4285 513 4342 είς
531 4280 631 4345 Ἕλλης
652 4279 691 4332 13.
711 4281 728 4345 ἢ
747 4283 862 4345 κρέσσων
881 4282 905 4334 9.
926 4287 962 4347 τῷ
981 4261 1062 4348 φυσῆν
1082 4281 1106 4335 i.
