3258 5154
640 352 863 416 „57-

177 549 228 612 12.
255 572 279 613 ω
295 546 339 633 -l-
355 573 388 613 αε
415 549 554 634 ὤνθρωπ’
580 523 725 630 Theogh.
749 549 822 612 453.
872 547 972 612 etiam
996 546 1034 613 G.
1052 549 1238 630 Meyergr.
1263 547 1342 630 gr.3

250 673 324 737 pag.
359 655 424 718 214
458 656 476 738 ξ
513 654 576 718 140
609 654 718 718 crasin
742 656 899 741 ὤνθρωπε,
935 654 1017 734 ὦναξ
1049 659 1236 738 praeoptat,
1270 673 1343 719 cum

193 767 198 774 ‘
255 760 420 844 Bergkius
443 761 554 826 Aleae.
581 761 609 823 1.
635 759 742 840 Ὦ’ναξ
766 766 889 826 teneat.

181 886 230 951 13.
255 911 285 951 eu
301 885 345 970 -l-
363 907 393 951 o:
429 890 544 972 χῶστις
567 885 632 950 Sol.
659 885 767 968 7337,
791 889 1043 972 κούνομάκλντον
1068 885 1150 950 Sem.
1176 886 1248 949 Am
1268 887 1340 969 aa?

253 992 309 1057 ubi
332 991 455 1057 rectius
480 1011 551 1057 eum
568 992 717 1058 Schulzio
738 996 801 1073 (qu.
821 1011 869 1073 ep.
887 993 964 1076 202)
981 995 1224 1090 deatorov
1241 993 1341 1075 legas.

179 1118 229 1183 14.
255 1143 286 1183 αι
302 1116 346 1203 -l-
363 1138 404 1183 or:
427 1118 500 1204 χοῖα
517 1119 661 1200 Theogn.
680 1118 745 1182 514
769 1119 856 1197 quod
880 1125 932 1182 est
951 1115 1118 1200 singulare
1138 1115 1233 1181 huius
1257 1117 1344 1182 modi

253 1223 489 1289 contractionis
513 1225 694 1305 exemplum
711 1225 795 1305 ¹(duo
824 1223 890 1288 alia
914 1223 1063 1304 exempla
1087 1242 1139 1304 ap.
1164 1221 1342 1290 Hoffmann

254 1330 318 1396 ion.
343 1330 419 1396 dial.
446 1331 532 1411 542).
613 1329 615 1333 ’

179 1457 229 1521 15.
255 1480 286 1521 αι
302 1453 346 1538 -l-
362 1477 413 1521 ουτ
439 1455 519 1521 ’κούκ
532 1456 595 1522 Sol.
613 1455 719 1537 1380,
733 1457 877 1538 Theogn.
896 1456 970 1538 442,
992 1455 1086 1538 1342,
1103 1462 1185 1521 κούκ
1201 1454 1342 1536 Hippou.

148 1637 155 1648 ι
253 1562 338 1642 838,
372 1563 664 1650 aottatd’d'heogn.
692 1563 765 1642 930,
791 1561 877 1629 κούδ’
901 1563 1025 1627 Semon.
1050 1564 1122 1627 Am.
1149 1563 1234 1646 725,
1257 1561 1342 1628 κοῦτ’

257 1669 383 1734 Semon.
411 1669 479 1734 Am.
508 1669 590 1753 7,59‚
614 1675 735 1756 χοῦτως
760 1671 901 1752 Theogn.
928 1670 1002 1733 496.

181 1794 231 1888 iti.
255 1819 281 1859 οι
298 1792 342 1877 -l-
358 1814 387 1859 e:
411 1800 529 1880 οὕτεροι
549 1793 613 1860 Sol.
631 1795 708 1875 373>
724 1795 824 1875 (apud
840 1793 977 1858 Aristot.
1000 1795 1047 1860 At
1070 1796 1146 1860 Πολ.
1166 1812 1235 1875 cap.
1251 1794 1340 1872 XII).

254 1900 328 1976 alia,
354 1920 439 1980 quae
463 1900 540 1967 mihi
566 1907 767 1977 notaveram,
792 1901 857 1966 iam
881 1900 1077 1981 prodierunt
1099 1900 1133 1965 in
1156 1899 1343 1966 Hoffmanni

252 2007 316 2071 iou.
343 2007 418 2074 dial.
435 2007 520 2072 1898
541 2029 571 2088 p.
590 2007 653 2072 537
680 2027 748 2088 sqq.
1304 2073 1306 2078 ,

181 2115 231 2178 17.
256 2138 291 2178 ου
304 2122 384 2189 l-a:
410 2121 523 2180 οὕνεκα
543 2115 647 2182 Euen.
671 2133 724 2196 ap.
743 2115 973 2197 Theognolt,
991 2115 1086 2191 1349,
1100 2114 1340 2181 aoeoeaamuen

254 2240 305 2302 ap.
323 2223 466 2304 Theogn.
484 2223 557 2305 488,
583 2228 726 2288 τοῦνεκεν
750 2222 901 2303 Xenoph.
926 2222 1011 2304 2‚19,
1035 2221 1111 2286 inde
1134 2223 1176 2286 ab
1200 2221 1342 2286 Homero

255 2328 455 2409 saepissime,
485 2331 571 2408 quod
604 2328 793 2393 Lobeokius
822 2329 864 2392 ad
888 2329 984 2409 Soph.
1003 2327 1054 2394 Ai.
1078 2328 1140 2396 123.
1169 2326 1239 2392 sine
1264 2346 1341 2408 apo-

255 2436 392 2515 strophe
416 2440 548 2502 τούνεκα
564 2435 771 2501 scribendum
791 2439 910 2510 censet,
938 2454 1010 2499 oum
1043 2433 1086 2499 sit
1110 2432 1341 2500 correlativum
1386 2503 1389 2512 ,

253 2541 341 2606 illius
377 2542 503 2607 formae
534 2549 655 2608 οὕνεκα.
1134 2525 1136 2532 ’

254 2648 402 2728 Denique
420 2649 518 2713 etiam
539 2651 659 2729 duplex
676 2649 779 2714 orasis
797 2654 890 2714 extat
905 2647 1012 2732 aar-l-
1025 2649 1097 2730 0-1-
1110 2675 1142 2714 a:
1166 2650 1342 2714 κώπόλλων

90 2769 92 2774 ’
164 2753 307 2835 Hippon.
349 2755 400 2838 31,
438 2773 523 2834 quae
560 2775 625 2820 non
673 2756 799 2820 recedit
839 2757 880 2820 ab
918 2773 980 2820 usu
1013 2754 1145 2837 vulgari
1182 2753 1341 2818 sermonis

165 2861 424 2942 Hipponactis.¹)

253 2972 306 3034 aad
335 2987 405 3032 cum
431 2972 439 3033 ἰ
463 2969 563 3051 longa
589 2969 754 3033 rarissime
780 2988 842 3049 par
867 2968 977 3032 orasin
1002 2967 1226 3050 coniungitur;
1251 2967 1341 3032 nulla

166 3074 249 3139 euim
274 3080 408 3155 praeter
424 3081 582 3156 quattuor
599 3076 748 3155 exempla
763 3074 798 3140 iu
814 3075 964 3139 omnibus
981 3073 1196 3156 scriptoribus
1212 3071 1341 3156 graecis

163 3181 318 3247 videntur
341 3181 490 3264 extar·e.²)
538 3184 746 3263 quamobrem
780 3182 815 3246 in
833 3180 872 3247 ir.
891 3184 954 3247 119
973 3181 1071 3266 lectio
1095 3185 1221 3258 κίόλαος
1245 3199 1341 3261 quam

163 3289 337 3354 Elmsleius
375 3289 498 3370 primus
531 3289 712 3371 proposuit,
751 3291 856 3372 plane,
883 3289 980 3369 falsa,
1022 3287 1142 3353 rectior
1175 3285 1341 3354 sententia

164 3394 274 3477 fuerit,
308 3415 403 3476 quam
437 3396 502 3460 iam
534 3416 633 3478 supra
662 3400 679 3476 ξ
708 3397 768 3461 31
797 3395 932 3476 protuli:
967 3396 1145 3462 ivocalem
1178 3393 1247 3458 ictu
1280 3411 1340 3458 uec

163 3501 259 3566 metri
292 3521 351 3567 nec
385 3503 533 3584 syllabae
566 3502 714 3568 adhibito
744 3505 786 3568 ad
810 3503 898 3568 vices
927 3520 1091 3568 consonae
1115 3499 1338 3568 descendisse:

162 3613 215 3674 aod
241 3610 359 3703 Ἰόλαος
384 3637 424 3664 :
449 3613 502 3675 καί
525 3611 641 3691 jotaog.

251 3715 433 3795 Praecipue
462 3716 566 3782 orasis
596 3716 631 3780 in
661 3716 778 3782 iambis
813 3721 846 3781 et
870 3715 1032 3782 trochaeis
1061 3720 1252 3796 usurpatur,
1284 3715 1340 3778 sed

163 3841 235 3888 oum
250 3822 467 3888 Archilochus
492 3822 578 3888 crasi
599 3821 699 3886 11¹3!ss
723 3823 756 3887 in
781 3823 897 3888 iambis
920 3841 999 3887 usus
1023 3822 1076 3903 sit,
1103 3821 1276 3903 diligenter
1300 3831 1340 3884 ex

162 3930 361 3994 hexametris
388 3936 421 3994 et
445 3930 661 4010 pentametris
686 3930 791 4010 eiecit,
818 3932 904 4010 quod
927 3949 992 3995 non
1017 3947 1096 3994 casu
1120 3927 1246 3993 factum
1270 3945 1339 3992 esse

162 4055 219 4101 uos
244 4036 445 4117 comparatio
462 4043 643 4102 ceterorum
661 4036 878 4118 elegiaoorum
902 4037 1011 4100 docet:
1038 4034 1238 4114 antiquiores
1255 4033 1340 4099 enim

250 4230 272 4299 1)
293 4232 381 4286 Aliter
399 4231 516 4298 Renner,
543 4232 619 4286 Curt.
640 4231 711 4285 stud.
731 4232 753 4284 Ι.
774 4233 797 4300 1,
818 4232 870 4286 199
889 4231 933 4284 oui
952 4247 1006 4285 non
1026 4229 1170 4298 assentior,
1190 4227 1224 4282 of.
1238 4227 1272 4281 Κ.
1292 4227 1337 4280 W.

160 4319 270 4388 Krtger
289 4319 324 4373 di.
344 4323 413 4389 14,4,
435 4322 476 4374 14.

251 4409 402 4479 ²)Kriiger
421 4410 455 4463 di.
477 4411 518 4478 14,
538 4413 563 4478 4,
583 4412 608 4464 3.
646 4409 677 4463 G.
698 4407 814 4476 ldeyer8
833 4408 848 4479 ξ
868 4409 927 4462 156.
