3232 5148
524 374 820 436 .-7-

131 572 245 634 mutae
259 587 330 634 cum
346 567 471 649 liquida
483 567 707 650 copulationes
721 567 941 652 inveniantur,
957 573 1040 650 quas
1049 570 1308 639 vocales'breves

133 677 351 756 anteceduut;
377 673 500 770 ¹deinde
524 673 733 741 considerare
763 674 870 756 qualis
898 674 942 741 sit
966 675 1051 762 ratio
1080 681 1113 742 et
1137 682 1308 758 poetarum

132 781 350 866 elegiacorum
374 785 408 846 et
430 781 741 864 iambographorum
764 780 985 862 antiqmorum
1010 786 1044 847 et
1067 783 1208 849 Homeri.

223 889 333 970 Atque
363 886 582 969 correptio
606 887 720 970 attica,
751 908 849 970 quam
871 894 1003 973 vocant,
1036 889 1180 955 occurrit
1202 895 1307 956 metro

133 999 272 1079 cogente
295 1000 365 1060 ter:
388 995 428 1060 ir.
453 995 494 1059 15
519 1000 553 1060 et
576 994 653 1077 323
677 999 712 1060 et
734 996 761 1061 B
786 996 816 1076 4,
843 999 876 1061 et
899 1014 938 1061 ea
963 1001 1040 1061 ante
1064 997 1111 1083 βρ.

223 1103 273 1167 De
296 1120 396 1169 versu

249 1211 351 1276 πάντα
374 1214 466 1286 πόνος
490 1211 592 1296 τεύχει
616 1211 735 1296 θνητοῖς
758 1211 871 1297 μελέτη
894 1233 927 1277 τε
951 1210 1072 1297 βροτείη
1097 1208 1165 1296 (15)
1174 1209 1198 1292 ¹)

131 1315 323 1382 Archilochi
352 1334 469 1381 nomen
501 1313 617 1398 paruin
645 1315 807 1398 locuplete
837 1315 1022 1382 testimonio
1052 1315 1115 1381 niti
1144 1316 1308 1400 Bergkius

132 1421 306 1488 intellexit.
346 1441 430 1489 unus
451 1421 536 1488 enim
552 1423 575 1489 J
577 1441 701 1488 oannes
714 1422 870 1489 Siceliota
885 1421 951 1507 (ap.
963 1423 1059 1490 Walz
1074 1423 1173 1490 rhett.
1186 1425 1234 1490 VI
1253 1424 1307 1511 96)
1408 1425 1414 1439 “

131 1529 329 1595 Archilocho
352 1528 479 1596 tribuit.
527 1530 585 1594 sed
610 1529 638 1595 si
660 1529 695 1594 in
717 1529 882 1596 sententia
902 1528 982 1594 nihil
1006 1534 1066 1614 est,
1090 1532 1176 1611 quod
1191 1531 1308 1596 Archi-

131 1637 226 1704 locho
251 1635 418 1702 abiudices
441 1674 485 1684 -
508 1655 615 1716 neque
638 1635 814 1717 quidquam
844 1655 864 1701 a
887 1640 987 1716 poeta
1014 1638 1185 1719 praeclaro
1209 1637 1309 1703 alieni

133 1743 256 1809 dictum
279 1747 422 1827 autumo,
453 1741 650 1824 praesertim
683 1761 755 1808 cum
784 1742 904 1809 similes
935 1742 997 1808 loci
1023 1743 1108 1809 idem
1141 1744 1309 1810 affirment

132 1849 295 1934 (Xenoph.
311 1851 442 1916 Memor.
459 1849 493 1914 H
510 1850 543 1929 13
568 1849 695 1933 Vergil:
718 1851 813 1916 labor
828 1849 993 1932 improbus
1011 1850 1119 1916 omnia
1134 1849 1249 1932 vincit)
1264 1889 1309 1898 -

132 1976 215 2024 cave
246 1975 289 2022 ne
321 1975 362 2023 ex
393 1955 451 2021 illa
475 1957 682 2038 correptione
716 1959 788 2022 sola
820 1962 1048 2039 argumentum
1079 1957 1199 2024 dubiae
1229 1957 1308 2023 fidei

131 2062 293 2146 proferas
340 2062 405 2128 iem
436 2083 507 2129 cum
531 2082 711 2130 sermonem
734 2063 923 2130 Archilochi
947 2084 1019 2130 cum
1042 2064 1204 2130 homerico
1226 2064 1308 2130 satis

133 2189 314 2253 congruere
330 2169 526 2237 Deutickius
550 2176 584 2237 et
600 2173 729 2254 Laeger
751 2171 993 2238 illustraverint
1009 2170 1212 2252 maximeque
1235 2189 1309 2237 cum

132 2274 283 2359 Hortor)
307 2277 554 2344 accuratissime
577 2278 854 2346 demonstraverit
870 2277 1064 2360 positionem
1089 2281 1168 2344 ante
1185 2283 1308 2344 mutam

133 2401 159 2449 c.
183 2385 203 2449 l.
227 2385 417 2466 plerumque
439 2385 475 2450 in
499 2385 652 2466 priore
682 2385 801 2486 thesi
824 2385 916 2450 tertii
940 2391 974 2451 et
1002 2384 1153 2465 quinti
1180 2385 1309 2467 pedis

132 2490 272 2575 neglegi,
295 2510 358 2557 non
383 2497 432 2557 est
449 2511 508 2558 cur
530 2491 609 2558 talis
626 2491 789 2574 correptio
812 2511 897 2574 quae
912 2491 1100 2574 saepissime
1122 2491 1157 2558 in
1173 2491 1308 2558 Homeri

135 2597 333 2664 carminibus
356 2599 529 2683 reperitur,
555 2599 752 2664 Archilocho
775 2599 900 2665 licitum
926 2618 992 2664 non
1019 2596 1129 2665 luerit.
1175 2604 1308 2664 etcum

133 2704 221 2786 apud
256 2703 328 2770 Joa.
364 2704 428 2770 Sic.
465 2707 578 2792 μελέτη
612 2705 748 2793 τ’ἀρίστη
784 2681 941 2771 traditum
974 2706 1028 2788 sit,
1066 2708 1152 2771 unde
1186 2707 1307 2793 βροτείη

132 2810 284 2877 insanum
318 2829 388 2876 esse
421 2811 573 2890 efficitur,
597 2811 699 2878 'illius
737 2812 950 2893 correptionis
982 2812 1142 2877 rationem
1175 2811 1210 2877 in
1245 2812 1307 2876 hac

134 2917 325 2998 quaestione
348 2935 413 2983 non
437 2918 621 2983 habendam
651 2936 730 3002 esse,
763 2924 879 2983 contra
901 2918 1039 3001 Bergkii
1071 2916 1306 2984 dubitationem

135 3029 224 3090 stare
246 3029 337 3108 puto.
384 3043 490 3105 neque
514 3024 612 3090 aliter
634 3023 742 3091 iudico
766 3027 807 3090 de
830 3027 971 3091 secundo
994 3043 1092 3094 versu
1113 3025 1146 3090 ir
1169 3026 1221 3090 32.

377 3153 398 3236 ἢ
422 3151 509 3237 Φρὺξ
533 3133 651 3236 ἔβροζε,
675 3151 775 3238 κύβδα
798 3149 863 3238 δ’ἧν
886 3153 1058 3238 πονευμένη

135 3274 229 3335 quem
244 3255 391 3337 plerique
400 3255 465 3322 viri
477 3255 575 3340 docti,
591 3256 707 3337 quibus
721 3257 882 3339 correptio
898 3255 1066 3322 offensioni
1080 3261 1161 3341 erat,
1174 3275 1306 3338 corrup·

134 3368 203 3428 tum
226 3381 297 3428 esse
322 3362 584 3444 consentiebant,
615 3362 767 3444 quoniam
793 3363 936 3429 trimetri
963 3363 1105 3429 iambum
1131 3364 1307 3429 secundum

135 3472 303 3550 oporteret
317 3469 483 3553 integrum
496 3488 575 3536 esse.
611 3469 768 3536 facillima
780 3488 861 3536 sane
872 3471 998 3536 medela
1011 3470 1120 3557 (quarn
1134 3470 1306 3552 aBergkio

125 3577 324 3664 adnotatam
341 3594 405 3640 non
423 3594 494 3642 esse
505 3575 617 3662 miror)
634 3576 811 3643 aLiebelio
828 3581 880 3642 est
891 3576 1062 3658 proposita
1078 3577 1108 3642 ei
1124 3594 1219 3658 quem
1235 3595 1306 3642 cor-

134 3681 240 3764 reptio
256 3687 410 3761 moretur,
434 3683 544 3765 legere
563 3683 674 3750 verbis
696 3682 907 3765 transpositis
922 3683 1058 3771 εἔβρυζεν
1081 3682 1224 3770 ῆΦρὺξ’,
1249 3684 1307 3749 sed

134 3788 255 3870 optimo
270 3789 342 3854 iure
353 3789 425 3870 ipse
437 3789 602 3856 Liehelius
614 3789 906 3871 transpositionem
918 3789 1139 3856 necessariam
1155 3809 1218 3855 uon
1235 3809 1307 3855 esse

135 3895 309 3962 existimat.
355 3915 460 3978 neque
489 3897 575 3962 enim
598 3898 700 3964 solum
730 3897 764 3962 in
788 3898 931 3963 Homero
961 3898 1064 3964 multa
1092 3897 1306 3978 correptionis

223 4069 246 4140 1)
265 4072 330 4129 Otto
343 4073 499 4142 Hoffmann,
519 4073 573 4129 ion.
590 4073 653 4127 dial
668 4090 693 4142 p.
707 4075 755 4128 95:
774 4078 861 4126 πάντα
879 4077 992 4141 βροτοῖσι
1008 4077 1088 4138 πόνος
1106 4075 1193 4140 τεὺχει
1211 4076 1306 4141 μελέτη

133 4179 162 4213 τε
180 4164 282 4229 βροτείη
301 4162 432 4232 coniecit3
451 4162 485 4218 cf.
504 4161 576 4216 infru
594 4179 620 4230 p.
640 4163 683 4216 91.

223 4250 243 4320 ²)
262 4251 370 4305 Homer.
390 4252 499 4306 studien
518 4249 549 4304 Ι2
567 4251 610 4306 81,
638 4250 678 4305 La
690 4251 789 4319 Roche,
808 4251 907 4306 homer.
927 4258 986 4307 unt.
1006 4252 1061 4319 Lps
1073 4252 1108 4306 69
1127 4252 1183 4318 μθ
1202 4267 1257 4318 sqq.
1271 4251 1307 4306 20

133 4338 298 4407 (ubimulta
316 4341 439 4408 exempla
464 4341 641 4409 correptionis
664 4346 728 4396 ante
747 4344 837 4407 βροτός
855 4342 972 4409 extant).
1010 4339 1175 4408 Scheindler,
1201 4346 1305 4407 quaest.

134 4427 293 4483 Nonnianae
312 4430 346 4483 27
366 4446 405 4498 sq.
