3232 5148
773 398 994 463 -52-

331 595 364 675 b)
387 593 488 658 finitis
511 593 545 657 in
569 615 600 659 e:

386 702 412 766 τ’
438 700 522 783 972.
545 702 617 766 ὥστ’
642 701 725 783 21,1.
751 702 813 767 οὔτ’
837 701 889 764 22.
914 700 976 767 εὖτ’
1001 699 1052 782 3,2
1070 699 1234 784 (conferas
1250 700 1332 765 idem
1350 699 1410 766 εὖτ’
1435 704 1479 766 ἂν

387 809 424 893 δή
448 805 482 871 in
513 809 624 873 eadem
660 809 735 872 sede
763 826 880 874 versus
909 807 1054 890 Theogn.
1084 808 1171 891 394).
1205 807 1287 886 162.
1317 806 1400 894 δηῦτ’
1427 806 1478 870 60

387 914 498 995 (dubia
520 913 606 998 fide).
631 914 975 998 6’1‚1.2‚1.2,2.4,3.
1001 916 1063 993 6,3.
1090 916 1150 996 9,4.
1175 914 1235 997 9,7.
1261 914 1322 996 9,8.
1349 913 1409 995 9,9.
1430 911 1476 976 10

387 1020 499 1101 (dubia
521 1020 604 1104 fide).
631 1022 717 1099 11,1.
742 1021 825 1104 211.
856 1020 941 1100 263.
976 1021 1062 1101 322.
1088 1021 1173 1098 649.
1201 1021 1286 1101 663.
1311 1020 1363 1085 65.
1386 1020 1477 1099 663.

388 1127 440 1191 65.
466 1128 538 1210 662
564 1126 661 1212 (coni.
687 1128 808 1209 Bergk.
834 1128 958 1215 δ’ἔχευ).
984 1129 1059 1204 662
1085 1129 1255 1212 (δ’άλὲξευ).
1281 1128 1364 1210 66,7.
1388 1127 1477 1208 69,1.

388 1234 473 1310 692.
496 1235 579 1312 mr.
601 1234 683 1317 749.
705 1235 787 1317 669.
806 1236 889 1314 799.
911 1234 962 1300 61.
978 1235 1062 1312 669.
1083 1236 1166 1312 696.
1185 1236 1236 1298 91.
1253 1235 1305 1298 92.
1323 1234 1375 1298 96.
1400 1233 1477 1296 109.

345 1407 347 1413 ,
391 1342 452 1406 126
470 1341 628 1426 (1161166).
656 1341 719 1405 139
734 1342 774 1423 (d.
790 1342 836 1422 6).
859 1342 931 1406 169.
954 1343 1026 1407 179.
1050 1344 1080 1407 n
1100 1342 1129 1406 9.
1151 1343 1200 1406 13.
1217 1343 1244 1406 n
1262 1341 1291 1406 3.
1316 1345 1370 1407 066
1389 1339 1478 1422 213.

389 1449 417 1512 4.
442 1448 515 1531 269
540 1447 624 1531 (ms).
649 1448 932 1544 26661616666).
957 1449 1039 1532 662.
1065 1450 1146 1528 741.
1171 1450 1240 1537 μηδ’
1264 1448 1315 1513 63.
1342 1449 1424 1524 mr.

407 1591 463 1656 VI.
487 1589 653 1657 adverbiis

334 1697 365 1783 a)
389 1697 490 1763 finitis
514 1697 547 1762 in
571 1719 604 1763 α;

390 1807 461 1891 μάλ’
485 1805 569 1887 56,3,
592 1806 629 1872 ἵν’
655 1805 739 1880 87,1.

334 1913 368 1997 b)
392 1910 493 1976 finitis
516 1911 550 1976 in
573 1933 602 1978 e:

390 2020 487 2084 οἴκαδ’
504 2019 546 2083 98
570 2017 731 2098 (similiter
747 2010 811 2085 Sol.
829 2020 912 2102 427,
936 2019 1029 2101 Tyrt.
1050 2021 1114 2098 41,
1139 2020 1242 2085 Euan.
1261 2038 1312 2101 ap.
1331 2018 1480 2099 Theogn.

390 2126 465 2204 476,
491 2125 587 2211 846).

335 2230 365 2316 6)
389 2232 488 2298 finitis
511 2232 545 2297 in
569 2258 594 2298 ιι

391 2340 433 2404 ἔθ’
457 2339 542 2418 74,6.
568 2341 669 2405 οὐκέθ’
694 2339 767 2404 100.

390 2445 572 2512 Universus
604 2445 657 2510 hio
687 2465 765 2512 usus
800 2445 939 2512 elidendi
971 2448 1058 2512 haud
1088 2448 1187 2528 plane
1218 2446 1370 2529 congruit
1402 2464 1481 2510 oum

302 2554 473 2635 homerico,
497 2551 701 2632 potissimum
718 2556 804 2634 quod
826 2553 860 2618 in
883 2555 1056 2620 verborum
1071 2552 1359 2619 terminationibus
1382 2551 1481 2617 elisio
1614 2599 1615 2610 .

302 2658 498 2742 diphthongi
536 2678 669 2740 prorsus
703 2659 851 2725 inaudita
888 2660 1020 2727 videtur
1052 2679 1121 2726 esse
1160 2679 1266 2741 neque
1301 2679 1439 2740 usquam
1468 2684 1481 2724 ι
1614 2677 1615 2682 ’

303 2765 408 2831 dativi
432 2764 609 2848 singularis
638 2766 830 2848 absorptum
854 2772 914 2833 est.
963 2769 1003 2832 de
1032 2768 1160 2834 ratione
1184 2786 1268 2848 quae
1291 2766 1482 2831 intercedat

302 2871 390 2937 inter
428 2874 557 2938 easdem
589 2872 711 2938 formas
746 2873 843 2940 elisas
874 2878 908 2938 et
941 2892 1006 2938 non
1038 2869 1135 2939 elisas
1170 2876 1252 2939 haec
1286 2875 1483 2939 adnotanda

302 2978 470 3046 videntur:

356 3088 384 3151 1.
411 3086 596 3152 coniunctio
620 3112 654 3153 τε
672 3089 764 3172 (ὥστε
781 3094 851 3154 οὔτε
867 3088 957 3176 μήτε)
974 3088 1136 3154 rarissime
1153 3087 1321 3154 edisionem
1337 3086 1481 3168 patim,

410 3192 461 3257 bis
486 3192 570 3257 enim
594 3199 627 3258 et
650 3193 774 3259 vioiens
798 3194 905 3275 posita
929 3201 980 3260 est
1003 3196 1109 3261 vocali
1133 3219 1148 3261 ε
1172 3214 1237 3260 non
1268 3194 1407 3271 abiecta,
1437 3193 1481 3258 ef.

410 3299 553 3364 Indidem
583 3319 633 3381 ap.
657 3302 809 3383 Bahntje.
851 3306 887 3365 at
910 3304 997 3381 quod
1019 3303 1141 3384 Bergk.
1167 3300 1341 3382 proposuit
1366 3299 1408 3365 fr.
1436 3301 1482 3366 15

411 3408 522 3493 μελέτη
551 3409 585 3473 δέ
607 3409 643 3504 Ξ
664 3416 787 3494 ἄριστον
816 3407 849 3472 id
878 3407 957 3472 mihi
984 3409 1036 3473 vel
1064 3414 1241 3489 propterea
1268 3406 1479 3473 subdititium

411 3511 542 3579 videtur
565 3531 647 3598 esse,
672 3515 758 3594 quod
778 3519 852 3596 post
868 3514 1005 3595 primam
1021 3515 1145 3597 dactyli
1160 3514 1358 3580 brevitatem
1381 3513 1479 3579 huius

411 3619 504 3687 vocis
519 3644 534 3685 ε
551 3619 679 3686 omnino
695 3640 771 3686 raro
788 3620 952 3707 tollitur.1)
990 3623 1175 3706 (praeterea
1190 3641 1220 3688 v.
1237 3641 1338 3702 supra
1355 3620 1482 3704 6661).

357 3728 387 3792 2.
413 3728 439 3792 δ’
458 3728 557 3808 dupio
577 3726 647 3791 iere
667 3727 798 3809 saepius
814 3747 911 3808 qnam
934 3731 968 3794 δὲ
983 3728 1142 3808 scriptum
1167 3733 1216 3794 est
1240 3728 1294 3813 (of.
1313 3729 1481 3808 BahntJ'e).

357 3835 387 3899 3.
413 3835 442 3920 μ’
466 3853 526 3914 pro
551 3838 601 3921 μοὶ
624 3834 721 3899 semel
744 3833 912 3901 invenitur
935 3834 998 3920 (μοί
1021 3835 1160 3913 sexiens
1185 3840 1233 3902 σοὶ
1257 3836 1382 3916 semen:

529 3945 582 4007 καί
606 3943 635 4037 o’
659 3941 721 4006 οὔτ’
746 3942 863 4028 ἰάμβων
886 3947 956 4007 οὔτε
979 3923 1162 4028 repromittet
1187 3944 1270 4029 μέλει
1295 3941 1347 4008 22.

466 4046 555 4113 aliud
596 4047 778 4128 exemplum
817 4051 911 4112 extat
943 4047 1086 4129 Hippon.
1117 4048 1203 4127 3013,
1237 4067 1300 4129 quo
1334 4049 1375 4112 de
1407 4048 1483 4112 loco
1612 4055 1613 4086 ¹

413 4160 503 4220 reete
526 4153 687 4219 iudicavit
710 4154 751 4219 H.
776 4155 814 4219 L.
839 4155 969 4219 Ahrens
998 4156 1038 4219 de
1068 4154 1154 4220 crasi
1178 4175 1208 4236 p.
1234 4156 1254 4218 4
1278 4160 1312 4219 et
1339 4154 1481 4220 maxime
1612 4149 1613 4166 ³

395 4365 417 4436 ¹)
437 4367 508 4421 Vide
527 4381 596 4434 quae
615 4365 769 4433 disputavit
788 4366 821 4418 de
839 4381 889 4418 usu
909 4365 1020 4418 Homeri
1032 4365 1121 4419 Nonni
1134 4365 1483 4432 CallimachiALudwioh,

306 4454 384 4509 beitr.
405 4473 428 4509 z.
449 4455 474 4510 k.
495 4456 519 4509 d.
539 4455 626 4509 Nonn.
645 4472 670 4523 p.
691 4456 725 4508 16
745 4469 800 4520 sqq.
