3258 5154
619 361 840 427 ..gq-

232 553 387 634 Sequitur
414 560 451 618 ut
480 573 640 636 exponam
676 556 753 636 quid
786 556 970 622 intercedat
1003 557 1200 624 discriminis
1230 559 1319 624 inter

141 660 331 727 Archilochi
353 662 578 727 hexametrum
602 669 635 727 et
658 663 794 729 Homeri
821 663 1105 746 recentiorumque
1136 670 1317 746 poetarum.

142 769 323 833 cavendum
338 767 469 850 quidem
492 787 532 833 ne
555 768 586 834 in
608 775 704 835 tanta
727 771 897 851 paucitate
916 771 1175 854 fragmentorum
1192 790 1320 853 semper

142 880 254 941 certae
277 876 413 958 regulae
437 874 643 959 stipulentur,
667 879 724 941 sed
748 879 830 942 haec
854 885 944 943 certo
970 883 1153 960 apparent:

233 1001 261 1064 1.
285 999 446 1065 Numerus
471 1001 686 1080 spondeorum
709 1001 806 1068 valde
830 1001 1016 1067 deminutus
1041 1008 1100 1068 est.

232 1124 261 1189 2.
285 1121 404 1188 Incisio
428 1143 512 1204 quae
537 1129 585 1188 est
610 1130 685 1205 post
703 1125 838 1191 tertium
861 1127 1053 1191 trochaeum
1068 1126 1199 1207 saepius
1222 1146 1319 1191 usur-

141 1238 250 1311 patur*
265 1249 362 1310 quam
385 1228 420 1294 in
444 1230 641 1296 carminibus
672 1231 843 1298 homericis
875 1232 909 1297 in
940 1232 1060 1314 quibus
1090 1236 1202 1298 eadem
1225 1251 1320 1314 prae-

141 1338 242 1402 valet.
290 1339 324 1400 et
346 1335 458 1401 incisio
475 1335 708 1417 semiquinaria
724 1339 933 1422 coniungitur
950 1358 1076 1420 semper
1092 1359 1162 1405 cum
1180 1339 1320 1404 diaeresi

143 1461 226 1522 quae
255 1448 306 1507 est
339 1446 397 1508 aut
429 1447 502 1523 post
530 1442 746 1509 sublationem
775 1451 834 1509 aut
857 1445 1157 1528 dactylumquarti
1187 1445 1320 1530 pedis.1)

143 1550 236 1632 Quae
252 1548 398 1643 rationes
414 1549 547 1614 eodem
563 1552 668 1614 rnodo
684 1552 820 1616 valent
842 1551 882 1616 in
897 1552 1140 1617 hexametris
1157 1553 1319 1617 alexan·
1422 1552 1426 1560 '

143 1655 372 1742 drinorum2)
396 1662 430 1721 et
453 1657 563 1721 Nonni
587 1657 721 1748 eiusque
745 1663 956 1724 sectatorum.

232 1781 261 1845 3.
284 1781 537 1864 Interpungitur
575 1781 663 1846 haud
692 1782 800 1847 rarius
836 1787 910 1863 post
947 1781 1108 1847 diaeresin
1140 1781 1320 1847 bucolicam

143 1883 249 1973 (di-02⁸)
274 1906 370 1966 quam
394 1887 428 1952 in
459 1887 523 1952 fine
548 1888 732 1953 hexametri
758 1885 877 1973 (Qh
904 1927 947 1934 --
973 1888 1060 1969 apud
1083 1889 1260 1954 Homerum
1285 1897 1318 1954 et

122 1981 295 2059 'Nonnum
317 1993 351 2057 in
376 1993 467 2058 exitu
490 2013 605 2060 versus
629 1994 728 2076 triplo
751 1995 804 2061 vel
828 1995 1029 2076 quaedruplo
1066 1995 1197 2076 saepius
1222 2014 1319 2075 quam

142 2100 275 2182 reliquis
291 2119 407 2167 versus
430 2100 509 2166 locis
534 2101 572 2166 cf.
588 2103 684 2166 Arth.
700 2089 858 2168 Ludwich
878 2121 929 2183 ap.
946 2101 1182 2167 Rossbachium
1194 2102 1252 2166 lH
1268 2102 1287 2164 2
1306 2100 1320 2139 ³

143 2227 217 2291 pag.
241 2207 284 2271 64
309 2226 355 2287 sq.
530 2203 534 2213 ’
1229 2203 1233 2213 ’

233 2334 263 2397 4.
289 2331 462 2398 Diaereses
486 2333 640 2415 ’pedicae'
657 2333 803 2414 -quod
827 2333 908 2398 artis
931 2332 1126 2399 vocabulum
1151 2333 1319 2398 Arthurus

143 2437 301 2505 Ludwich
332 2441 415 2504 hene
443 2440 581 2508 novavit
605 2479 647 2487 -
671 2437 703 2505 1¹
723 2447 756 2505 et
779 2437 842 2506 17ἰ
863 2440 953 2522 pedis
978 2439 1167 2520 frequentia
1191 2445 1319 2504 ceteras

143 2555 309 2627 superant.
770 2527 772 2534 ¹

233 2653 263 2718 5.
288 2653 326 2717 In
364 2652 470 2717 altera
500 2659 596 2734 parte
623 2653 806 2718 hexametri
839 2655 919 2719 duas
951 2654 1003 2720 vel
1040 2659 1109 2718 tres
1146 2652 1317 2719 continuas

144 2758 308 2824 diaerescs
333 2760 513 2855 ’masculas’
547 2779 617 2825 esse
650 2759 824 2835 nonlicet,
856 2760 889 2825 id
918 2761 1003 2840 quod
1034 2779 1096 2825 non
1126 2759 1319 2842 infringitur

210 2969 232 3040 1)
252 2970 374 3024 Eandem
384 2971 508 3040 regulam
518 2978 626 3039 praeter
634 2971 823 3025 Archilochum
833 2977 1022 3038 sequuntur
1031 2972 1060 3025 in
1069 2971 1192 3038 reliquiis
1203 2970 1319 3026 servatis

143 3059 266 3113 Callinus
294 3059 377 3113 Asius
397 3060 528 3114 Pisander
547 3061 724 3114 Mimnermus
750 3061 812 3114 Solo
832 3061 999 3115 Demodocus
1024 3061 1204 3128 Xenophanes
1223 3059 1317 3128 Epich.

143 3148 239 3202 Aesch.
254 3149 333 3218 Soph.
350 3149 446 3203 D.-Ch.
457 3150 550 3218 Eurip.
562 3150 681 3217 Thucyd.
695 3149 796 3218 Agath.
808 3149 887 3216 Joph.
900 3149 1002 3204 Antim.
1020 3149 1100 3204 Plato
1120 3150 1203 3202 Zenx.
1217 3148 1317 3202 Dio-hl.

143 3241 204 3291 Ast.
223 3237 296 3293 Phil.
315 3238 384 3307 Aph.
405 3239 498 3306 Speus.
519 3239 604 3293 Arist.
623 3238 735 3292 Theocr.
755 3238 910 3306 Menander,
930 3239 1163 3308 neglexerunt
1182 3238 1319 3306 Tyrtaeus

143 3325 184 3378 bis
204 3327 240 3394 (2,
262 3329 285 3381 l.
304 3332 329 3396 4,
349 3328 378 3396 3,
397 3327 519 3396 regulam
539 3326 694 3381 observavit
707 3326 814 3395 231511-8),
834 3327 994 3395 Phooylides
1007 3327 1089 3380 semel
1104 3326 1171 3396 (6‚2;
1194 3326 1318 3395 regulam

144 3415 246 3469 observ.
261 3415 343 3469 semel
354 3421 382 3470 et
395 3416 423 3468 in
438 3416 559 3470 versibus
574 3416 656 3484 epicis
677 3415 782 3484 1810AE),
803 3416 942 3484 Theognis
952 3415 1031 3483 Q,
1051 3414 1226 3483 (217=1ere
1237 3415 1316 3480 1073,

144 3504 204 3576 225,
223 3503 277 3558 533
297 3517 345 3560 ω
366 3504 428 3571 975,
455 3505 516 3572 629,
546 3506 606 3572 703,
635 3505 714 3572 1015,
742 3507 931 3571 1171,11339;
960 3504 1046 3575 regul.
1067 3505 1170 3558 observ.
1191 3501 1317 3571 281104115).

143 3592 178 3645 Jo
197 3592 279 3646 semel
299 3594 369 3662 (1,1;
396 3609 452 3662 reg.
483 3594 586 3648 observ.
608 3593 714 3660 ΩΨ),
740 3592 1178 3662 qia-Empedocles'semel(l‚1),
1207 3593 1318 3646 Euenus

143 3682 226 3735 semel
246 3682 314 3750 (1,5;
342 3698 400 3751 reg.
420 3684 474 3737 obs.
494 3680 585 3752 Q),
614 3683 714 3737 Critias
735 3683 832 3752 bis(5,
853 3686 877 3737 1.
904 3686 928 3750 7,
949 3684 978 3750 6;
1006 3697 1062 3751 reg.
1084 3683 1187 3736 observ.
1207 3679 1316 3749 affl),

145 3771 309 3824 Parrhasius
329 3772 410 3824 semel
431 3773 508 3839 (2,3);
527 3788 584 3841 reg.
604 3773 659 3826 obs.
680 3773 741 3838 ter),
768 3772 919 3825 Mamercus
938 3772 1021 3825 semel
1040 3777 1149 3838 propter
1168 3770 1317 3824 clausulam

146 3861 217 3913 vocis
236 3860 449 3929 heptasyllabae,
470 3859 564 3914 Crates
583 3860 665 3914 semel
685 3862 752 3929 (7,4;
771 3876 829 3929 reg.
849 3861 952 3914 observ.
973 3858 1080 3925 ilie—¹¹⁸).

209 4035 211 4040 Ι
232 3964 358 4036 ²)Wi1n.
378 3967 477 4036 Meyer,
501 3984 524 4022 z.
544 3967 633 4037 gesoh.
657 3968 684 4023 d.
703 3966 872 4025 alexandrin.
897 3967 1001 4021 hexam.
1022 3967 1091 4022 1885
1110 3984 1135 4035 p.
1155 3967 1220 4020 993:
1258 3966 1317 4032 „die

144 4054 308 4124 hexameter,
334 4055 436 4110 welche
455 4056 525 4109 nach
545 4055 592 4109 dor
610 4057 636 4111 3.
656 4055 765 4124 hebung
791 4061 869 4109 cdsur
888 4056 984 4123 haben,
1011 4059 1120 4108 milssen
1145 4054 1269 4124 zugleich
1289 4055 1317 4107 in

144 4143 204 4196 dem
233 4144 313 4198 stiick
340 4145 410 4198 nach
436 4136 523 4198 dieser
546 4149 624 4199 elisur
653 4145 722 4199 noch
741 4145 801 4200 eine
830 4145 927 4198 zweite
951 4149 1030 4198 atsur
1057 4144 1153 4212 haben,
1179 4144 1318 4197 entweder

144 4233 213 4285 nach
232 4233 279 4286 der
298 4233 323 4289 4.
342 4233 453 4303 hebung
471 4233 542 4300 oder,
567 4233 610 4287 die
629 4249 687 4303 sog.
708 4233 872 4300 buholisohe,
892 4249 941 4287 vor
961 4234 1008 4286 der
1027 4234 1052 4287 5.
1071 4233 1207 4300 hebnng.“
1246 4232 1317 4287 idern

145 4319 187 4374 vir
205 4321 315 4376 doctiss.
336 4322 463 4377 observat
490 4338 572 4392 pagg.
592 4324 652 4390 994,
673 4323 724 4377 997
753 4323 827 4376 illam
846 4322 969 4390 regulam
992 4337 1026 4376 ne
1045 4338 1061 4374 a
1080 4321 1167 4390 poetis
1186 4320 1316 4390 elegiacis

145 4410 251 4476 quidem
270 4410 470 4478 antiquioribus
489 4412 642 4481 neglectam
662 4427 727 4465 esse.
