<?xml version="1.0" encoding="UTF-8"?>
<!DOCTYPE html PUBLIC "-//W3C//DTD XHTML 1.0 Transitional//EN"
    "http://www.w3.org/TR/xhtml1/DTD/xhtml1-transitional.dtd">
<html xmlns="http://www.w3.org/1999/xhtml" xml:lang="en" lang="en">
 <head>
  <title>
</title>
<meta http-equiv="Content-Type" content="text/html;charset=utf-8" />
  <meta name='ocr-system' content='tesseract 3.04.00' />
  <meta name='ocr-capabilities' content='ocr_page ocr_carea ocr_par ocr_line ocrx_word'/>
</head>
<body>
  <div class='ocr_page' id='page_1' title='image "./deartemetricaar00dettgoog_0118.png"; bbox 0 0 3258 5154; ppageno 0'>
   <div class='ocr_carea' id='block_1_1' title="bbox 617 353 860 417">
    <p class='ocr_par' dir='ltr' id='par_1_1' title="bbox 617 353 860 417">
     <span class='ocr_line' id='line_1_1' title="bbox 617 353 860 417; baseline 0.004 -1"><span class='ocrx_word' id='word_1_1' title='bbox 617 353 860 417; x_wconf 85' lang='lat'>-103-</span> 
     </span>
    </p>
   </div>
   <div class='ocr_carea' id='block_1_2' title="bbox 106 546 1327 1594">
    <p class='ocr_par' dir='ltr' id='par_1_2' title="bbox 106 546 1327 1594">
     <span class='ocr_line' id='line_1_2' title="bbox 153 546 1323 642; baseline 0.001 -27"><span class='ocrx_word' id='word_1_2' title='bbox 153 551 248 632; x_wconf 85' lang='lat' dir='ltr'>„dass</span> <span class='ocrx_word' id='word_1_3' title='bbox 268 552 326 614; x_wconf 93' lang='lat' dir='ltr'>der</span> <span class='ocrx_word' id='word_1_4' title='bbox 342 546 521 614; x_wconf 90' lang='lat' dir='ltr'>einschnitt</span> <span class='ocrx_word' id='word_1_5' title='bbox 540 547 626 612; x_wconf 89' lang='lat' dir='ltr'>nach</span> <span class='ocrx_word' id='word_1_6' title='bbox 644 549 702 613; x_wconf 90' lang='lat' dir='ltr'>der</span> <span class='ocrx_word' id='word_1_7' title='bbox 720 547 843 613; x_wconf 80' lang='lat' dir='ltr'><strong>dritten</strong></span> <span class='ocrx_word' id='word_1_8' title='bbox 864 550 1019 642; x_wconf 77' lang='lat' dir='ltr'>senhung</span> <span class='ocrx_word' id='word_1_9' title='bbox 1033 550 1129 635; x_wconf 88' lang='grc'>(5555.</span> <span class='ocrx_word' id='word_1_10' title='bbox 1145 551 1323 636; x_wconf 87' lang='lat' dir='ltr'>penthem.)</span> 
     </span>
     <span class='ocr_line' id='line_1_3' title="bbox 149 649 1323 742; baseline -0.002 -20"><span class='ocrx_word' id='word_1_11' title='bbox 149 657 378 722; x_wconf 88' lang='lat' dir='ltr'>beschwerten</span> <span class='ocrx_word' id='word_1_12' title='bbox 401 654 539 720; x_wconf 86' lang='lat' dir='ltr'>auftakt</span> <span class='ocrx_word' id='word_1_13' title='bbox 563 656 642 720; x_wconf 93' lang='lat' dir='ltr'>oder</span> <span class='ocrx_word' id='word_1_14' title='bbox 665 656 831 735; x_wconf 87' lang='lat' dir='ltr'>spondeus</span> <span class='ocrx_word' id='word_1_15' title='bbox 850 654 894 719; x_wconf 90' lang='lat' dir='ltr'>im</span> <span class='ocrx_word' id='word_1_16' title='bbox 915 662 1026 721; x_wconf 90' lang='lat' dir='ltr'>ersten</span> <span class='ocrx_word' id='word_1_17' title='bbox 1047 656 1117 722; x_wconf 86' lang='lat' dir='ltr'>fuss</span> <span class='ocrx_word' id='word_1_18' title='bbox 1136 649 1323 742; x_wconf 70' lang='lat' dir='ltr'>verlan&#39;gr,</span> 
     </span>
     <span class='ocr_line' id='line_1_4' title="bbox 151 760 1325 846; baseline -0.002 -17"><span class='ocrx_word' id='word_1_19' title='bbox 151 782 191 829; x_wconf 91' lang='grc'>55</span> <span class='ocrx_word' id='word_1_20' title='bbox 206 763 292 828; x_wconf 89' lang='lat' dir='ltr'>ratio</span> <span class='ocrx_word' id='word_1_21' title='bbox 311 761 413 828; x_wconf 92' lang='lat' dir='ltr'>multo</span> <span class='ocrx_word' id='word_1_22' title='bbox 431 761 536 844; x_wconf 87' lang='lat' dir='ltr'>magis</span> <span class='ocrx_word' id='word_1_23' title='bbox 554 760 588 825; x_wconf 93' lang='lat' dir='ltr'>in</span> <span class='ocrx_word' id='word_1_24' title='bbox 608 761 846 826; x_wconf 88' lang='lat' dir='ltr'>recentioribus</span> <span class='ocrx_word' id='word_1_25' title='bbox 866 761 1016 828; x_wconf 90' lang='lat' dir='ltr'>versibus</span> <span class='ocrx_word' id='word_1_26' title='bbox 1036 763 1189 846; x_wconf 80' lang='lat' dir='ltr'>cognosci</span> <span class='ocrx_word' id='word_1_27' title='bbox 1208 769 1325 844; x_wconf 87' lang='lat' dir='ltr'>potest.</span> 
     </span>
     <span class='ocr_line' id='line_1_5' title="bbox 151 866 1325 954; baseline 0 -19"><span class='ocrx_word' id='word_1_28' title='bbox 151 868 290 950; x_wconf 81' lang='lat' dir='ltr'>exempli</span> <span class='ocrx_word' id='word_1_29' title='bbox 309 868 422 951; x_wconf 90' lang='lat' dir='ltr'>gratia</span> <span class='ocrx_word' id='word_1_30' title='bbox 446 867 499 932; x_wconf 89' lang='lat' dir='ltr'>hic</span> <span class='ocrx_word' id='word_1_31' title='bbox 515 866 593 932; x_wconf 92' lang='lat' dir='ltr'>mihi</span> <span class='ocrx_word' id='word_1_32' title='bbox 612 866 712 932; x_wconf 88' lang='lat' dir='ltr'>liceat</span> <span class='ocrx_word' id='word_1_33' title='bbox 731 867 780 932; x_wconf 91' lang='lat' dir='ltr'>ita</span> <span class='ocrx_word' id='word_1_34' title='bbox 799 874 836 932; x_wconf 92' lang='lat' dir='ltr'>ut</span> <span class='ocrx_word' id='word_1_35' title='bbox 856 887 920 933; x_wconf 92' lang='lat' dir='ltr'>non</span> <span class='ocrx_word' id='word_1_36' title='bbox 942 874 1034 933; x_wconf 91' lang='lat' dir='ltr'>certa</span> <span class='ocrx_word' id='word_1_37' title='bbox 1053 869 1181 954; x_wconf 81' lang='lat' dir='ltr'>eligam,</span> <span class='ocrx_word' id='word_1_38' title='bbox 1203 877 1325 935; x_wconf 89' lang='lat' dir='ltr'>temere</span> 
     </span>
     <span class='ocr_line' id='line_1_6' title="bbox 106 973 1325 1058; baseline 0 -17"><span class='ocrx_word' id='word_1_39' title='bbox 106 1005 110 1010; x_wconf 95' lang='lat'>·</span> <span class='ocrx_word' id='word_1_40' title='bbox 152 977 273 1058; x_wconf 81' lang='lat' dir='ltr'>eligere</span> <span class='ocrx_word' id='word_1_41' title='bbox 292 995 333 1040; x_wconf 84' lang='lat' dir='ltr'>ex</span> <span class='ocrx_word' id='word_1_42' title='bbox 349 974 522 1054; x_wconf 83' lang='lat' dir='ltr'>Sophoclis</span> <span class='ocrx_word' id='word_1_43' title='bbox 538 973 641 1039; x_wconf 82' lang='lat' dir='ltr'>Aiace</span> <span class='ocrx_word' id='word_1_44' title='bbox 658 993 774 1041; x_wconf 90' lang='lat' dir='ltr'>versus</span> <span class='ocrx_word' id='word_1_45' title='bbox 798 975 874 1039; x_wconf 93' lang='lat' dir='ltr'>inde</span> <span class='ocrx_word' id='word_1_46' title='bbox 898 976 1022 1040; x_wconf 90' lang='grc'>51226</span> <span class='ocrx_word' id='word_1_47' title='bbox 1041 994 1143 1056; x_wconf 91' lang='lat' dir='ltr'>usque</span> <span class='ocrx_word' id='word_1_48' title='bbox 1168 979 1210 1041; x_wconf 91' lang='lat' dir='ltr'>ad</span> <span class='ocrx_word' id='word_1_49' title='bbox 1239 977 1325 1041; x_wconf 92' lang='grc'>1315</span> 
     </span>
     <span class='ocr_line' id='line_1_7' title="bbox 152 1081 1324 1170; baseline 0 -22"><span class='ocrx_word' id='word_1_50' title='bbox 152 1083 288 1170; x_wconf 90' lang='lat' dir='ltr'>(omissis</span> <span class='ocrx_word' id='word_1_51' title='bbox 314 1101 364 1148; x_wconf 86' lang='lat' dir='ltr'>ve.</span> <span class='ocrx_word' id='word_1_52' title='bbox 392 1082 488 1164; x_wconf 93' lang='grc'>1228,</span> <span class='ocrx_word' id='word_1_53' title='bbox 515 1081 738 1164; x_wconf 80' lang='lat'>1253‚1286;</span> <span class='ocrx_word' id='word_1_54' title='bbox 775 1081 872 1165; x_wconf 91' lang='grc'>1289,</span> <span class='ocrx_word' id='word_1_55' title='bbox 902 1081 956 1166; x_wconf 91' lang='grc'>93,</span> <span class='ocrx_word' id='word_1_56' title='bbox 989 1083 1042 1166; x_wconf 92' lang='grc'>96,</span> <span class='ocrx_word' id='word_1_57' title='bbox 1073 1084 1125 1165; x_wconf 90' lang='grc'>98,</span> <span class='ocrx_word' id='word_1_58' title='bbox 1150 1083 1246 1167; x_wconf 87' lang='grc'>1300,</span> <span class='ocrx_word' id='word_1_59' title='bbox 1271 1082 1324 1167; x_wconf 94' lang='grc'>02,</span> 
     </span>
     <span class='ocr_line' id='line_1_8' title="bbox 151 1187 1327 1275; baseline 0 -20"><span class='ocrx_word' id='word_1_60' title='bbox 151 1191 204 1266; x_wconf 89' lang='grc'>09,</span> <span class='ocrx_word' id='word_1_61' title='bbox 231 1189 449 1275; x_wconf 63' lang='grc'>1211551551</span> <span class='ocrx_word' id='word_1_62' title='bbox 473 1188 515 1252; x_wconf 91' lang='grc'>53</span> <span class='ocrx_word' id='word_1_63' title='bbox 549 1187 691 1252; x_wconf 80' lang='lat' dir='ltr'>trimetri</span> <span class='ocrx_word' id='word_1_64' title='bbox 724 1187 842 1268; x_wconf 85' lang='lat' dir='ltr'>quibus</span> <span class='ocrx_word' id='word_1_65' title='bbox 867 1193 918 1253; x_wconf 92' lang='lat' dir='ltr'>est</span> <span class='ocrx_word' id='word_1_66' title='bbox 949 1188 1063 1254; x_wconf 90' lang='lat' dir='ltr'>incisio</span> <span class='ocrx_word' id='word_1_67' title='bbox 1093 1189 1327 1272; x_wconf 80' lang='lat' dir='ltr'>semiquinaria</span> 
     </span>
     <span class='ocr_line' id='line_1_9' title="bbox 150 1294 1326 1379; baseline 0.002 -19"><span class='ocrx_word' id='word_1_68' title='bbox 150 1298 184 1361; x_wconf 92' lang='lat' dir='ltr'>in</span> <span class='ocrx_word' id='word_1_69' title='bbox 219 1299 397 1378; x_wconf 90' lang='lat' dir='ltr'>spondeum</span> <span class='ocrx_word' id='word_1_70' title='bbox 432 1295 553 1360; x_wconf 84' lang='lat' dir='ltr'>exiens.</span> <span class='ocrx_word' id='word_1_71' title='bbox 577 1294 740 1375; x_wconf 90' lang='lat' dir='ltr'>incipiunt</span> <span class='ocrx_word' id='word_1_72' title='bbox 761 1300 882 1370; x_wconf 54' lang='lat' dir='ltr'>‚autem</span> <span class='ocrx_word' id='word_1_73' title='bbox 916 1297 957 1360; x_wconf 89' lang='grc'>47</span> <span class='ocrx_word' id='word_1_74' title='bbox 994 1315 1110 1362; x_wconf 89' lang='lat' dir='ltr'>versus</span> <span class='ocrx_word' id='word_1_75' title='bbox 1143 1316 1163 1361; x_wconf 90' lang='lat' dir='ltr'>a</span> <span class='ocrx_word' id='word_1_76' title='bbox 1197 1297 1326 1379; x_wconf 86' lang='lat' dir='ltr'>syllaba</span> 
     </span>
     <span class='ocr_line' id='line_1_10' title="bbox 151 1402 1324 1489; baseline -0.001 -22"><span class='ocrx_word' id='word_1_77' title='bbox 151 1404 251 1486; x_wconf 89' lang='lat' dir='ltr'>longa</span> <span class='ocrx_word' id='word_1_78' title='bbox 274 1403 381 1489; x_wconf 92' lang='grc'>(1227,</span> <span class='ocrx_word' id='word_1_79' title='bbox 411 1403 463 1486; x_wconf 91' lang='grc'>29,</span> <span class='ocrx_word' id='word_1_80' title='bbox 488 1403 540 1486; x_wconf 91' lang='grc'>30,</span> <span class='ocrx_word' id='word_1_81' title='bbox 566 1403 618 1486; x_wconf 91' lang='grc'>32,</span> <span class='ocrx_word' id='word_1_82' title='bbox 644 1403 696 1485; x_wconf 92' lang='grc'>33,</span> <span class='ocrx_word' id='word_1_83' title='bbox 721 1403 774 1485; x_wconf 90' lang='grc'>34,</span> <span class='ocrx_word' id='word_1_84' title='bbox 799 1404 851 1486; x_wconf 92' lang='grc'>35,</span> <span class='ocrx_word' id='word_1_85' title='bbox 877 1403 929 1486; x_wconf 91' lang='grc'>38,</span> <span class='ocrx_word' id='word_1_86' title='bbox 954 1403 1007 1486; x_wconf 90' lang='grc'>39,</span> <span class='ocrx_word' id='word_1_87' title='bbox 1037 1402 1090 1487; x_wconf 89' lang='grc'>44,</span> <span class='ocrx_word' id='word_1_88' title='bbox 1114 1404 1167 1487; x_wconf 89' lang='grc'>46,</span> <span class='ocrx_word' id='word_1_89' title='bbox 1193 1403 1245 1487; x_wconf 90' lang='grc'>49,</span> <span class='ocrx_word' id='word_1_90' title='bbox 1271 1404 1324 1487; x_wconf 87' lang='grc'>51,</span> 
     </span>
     <span class='ocr_line' id='line_1_11' title="bbox 152 1509 1325 1594; baseline -0.003 -19"><span class='ocrx_word' id='word_1_91' title='bbox 152 1510 205 1593; x_wconf 93' lang='grc'>52,</span> <span class='ocrx_word' id='word_1_92' title='bbox 230 1511 282 1593; x_wconf 90' lang='grc'>54,</span> <span class='ocrx_word' id='word_1_93' title='bbox 303 1511 355 1593; x_wconf 87' lang='grc'>55,</span> <span class='ocrx_word' id='word_1_94' title='bbox 376 1510 429 1594; x_wconf 87' lang='grc'>58,</span> <span class='ocrx_word' id='word_1_95' title='bbox 449 1509 502 1592; x_wconf 92' lang='grc'>59,</span> <span class='ocrx_word' id='word_1_96' title='bbox 523 1509 575 1592; x_wconf 87' lang='grc'>60,</span> <span class='ocrx_word' id='word_1_97' title='bbox 597 1511 650 1592; x_wconf 87' lang='grc'>61,</span> <span class='ocrx_word' id='word_1_98' title='bbox 671 1511 724 1592; x_wconf 89' lang='grc'>62,</span> <span class='ocrx_word' id='word_1_99' title='bbox 745 1510 798 1592; x_wconf 90' lang='grc'>63,</span> <span class='ocrx_word' id='word_1_100' title='bbox 816 1511 868 1592; x_wconf 90' lang='grc'>64,</span> <span class='ocrx_word' id='word_1_101' title='bbox 889 1510 942 1592; x_wconf 89' lang='grc'>65,</span> <span class='ocrx_word' id='word_1_102' title='bbox 963 1510 1015 1594; x_wconf 93' lang='grc'>66,</span> <span class='ocrx_word' id='word_1_103' title='bbox 1036 1510 1089 1594; x_wconf 89' lang='grc'>68,</span> <span class='ocrx_word' id='word_1_104' title='bbox 1108 1509 1161 1593; x_wconf 94' lang='grc'>70,</span> <span class='ocrx_word' id='word_1_105' title='bbox 1183 1511 1325 1593; x_wconf 88' lang='grc'>71-77,</span> 
     </span>
    </p>
   </div>
   <div class='ocr_carea' id='block_1_3' title="bbox 152 1614 1326 2020">
    <p class='ocr_par' dir='ltr' id='par_1_3' title="bbox 152 1614 1326 2020">
     <span class='ocr_line' id='line_1_12' title="bbox 153 1614 1324 1701; baseline -0.002 -19"><span class='ocrx_word' id='word_1_106' title='bbox 153 1618 205 1700; x_wconf 91' lang='grc'>79,</span> <span class='ocrx_word' id='word_1_107' title='bbox 231 1617 282 1700; x_wconf 90' lang='grc'>80,</span> <span class='ocrx_word' id='word_1_108' title='bbox 308 1617 360 1700; x_wconf 92' lang='grc'>82,</span> <span class='ocrx_word' id='word_1_109' title='bbox 386 1617 438 1699; x_wconf 90' lang='grc'>83,</span> <span class='ocrx_word' id='word_1_110' title='bbox 464 1616 516 1700; x_wconf 92' lang='grc'>92,</span> <span class='ocrx_word' id='word_1_111' title='bbox 542 1616 594 1696; x_wconf 90' lang='grc'>95,</span> <span class='ocrx_word' id='word_1_112' title='bbox 619 1614 717 1699; x_wconf 87' lang='grc'>1303,</span> <span class='ocrx_word' id='word_1_113' title='bbox 736 1617 791 1699; x_wconf 93' lang='grc'>04,</span> <span class='ocrx_word' id='word_1_114' title='bbox 816 1616 869 1700; x_wconf 92' lang='grc'>06,</span> <span class='ocrx_word' id='word_1_115' title='bbox 889 1618 942 1700; x_wconf 92' lang='grc'>07,</span> <span class='ocrx_word' id='word_1_116' title='bbox 959 1617 1013 1698; x_wconf 92' lang='grc'>08,</span> <span class='ocrx_word' id='word_1_117' title='bbox 1036 1617 1087 1701; x_wconf 92' lang='grc'>13,</span> <span class='ocrx_word' id='word_1_118' title='bbox 1110 1615 1180 1701; x_wconf 81' lang='grc'>15);</span> <span class='ocrx_word' id='word_1_119' title='bbox 1207 1622 1324 1682; x_wconf 91' lang='lat' dir='ltr'>contra</span> 
     </span>
     <span class='ocr_line' id='line_1_13' title="bbox 153 1703 1324 1809; baseline -0.002 -20"><span class='ocrx_word' id='word_1_120' title='bbox 153 1743 173 1789; x_wconf 97' lang='grc'>5</span> <span class='ocrx_word' id='word_1_121' title='bbox 196 1724 323 1805; x_wconf 86' lang='lat' dir='ltr'>syllaba</span> <span class='ocrx_word' id='word_1_122' title='bbox 349 1703 945 1803; x_wconf 66' lang='grc'>515515165555515516111155111</span> <span class='ocrx_word' id='word_1_123' title='bbox 969 1724 1079 1809; x_wconf 91' lang='grc'>(1256,</span> <span class='ocrx_word' id='word_1_124' title='bbox 1106 1723 1201 1807; x_wconf 92' lang='grc'>1267,</span> <span class='ocrx_word' id='word_1_125' title='bbox 1228 1724 1324 1806; x_wconf 91' lang='grc'>1278,</span> 
     </span>
     <span class='ocr_line' id='line_1_14' title="bbox 155 1827 1326 1914; baseline 0 -20"><span class='ocrx_word' id='word_1_126' title='bbox 155 1831 250 1914; x_wconf 90' lang='grc'>1281,</span> <span class='ocrx_word' id='word_1_127' title='bbox 281 1831 376 1914; x_wconf 89' lang='grc'>1297,</span> <span class='ocrx_word' id='word_1_128' title='bbox 408 1827 515 1914; x_wconf 90' lang='grc'>1310).</span> <span class='ocrx_word' id='word_1_129' title='bbox 567 1829 652 1894; x_wconf 90' lang='lat' dir='ltr'>ratio</span> <span class='ocrx_word' id='word_1_130' title='bbox 685 1828 787 1912; x_wconf 88' lang='lat' dir='ltr'>igitur</span> <span class='ocrx_word' id='word_1_131' title='bbox 819 1849 903 1910; x_wconf 90' lang='lat' dir='ltr'>quae</span> <span class='ocrx_word' id='word_1_132' title='bbox 935 1829 1113 1896; x_wconf 78' lang='lat' dir='ltr'>intercedit</span> <span class='ocrx_word' id='word_1_133' title='bbox 1144 1830 1231 1895; x_wconf 89' lang='lat' dir='ltr'>inter</span> <span class='ocrx_word' id='word_1_134' title='bbox 1262 1830 1326 1894; x_wconf 93' lang='lat' dir='ltr'>duo</span> 
     </span>
     <span class='ocr_line' id='line_1_15' title="bbox 152 1934 1144 2020; baseline 0.002 -20"><span class='ocrx_word' id='word_1_135' title='bbox 152 1936 209 2002; x_wconf 89' lang='lat' dir='ltr'>illa</span> <span class='ocrx_word' id='word_1_136' title='bbox 231 1955 352 2019; x_wconf 88' lang='lat' dir='ltr'>genere</span> <span class='ocrx_word' id='word_1_137' title='bbox 376 1934 622 2016; x_wconf 89' lang='lat' dir='ltr'>compositionis</span> <span class='ocrx_word' id='word_1_138' title='bbox 647 1941 698 2000; x_wconf 93' lang='lat' dir='ltr'>est</span> <span class='ocrx_word' id='word_1_139' title='bbox 721 1937 816 2020; x_wconf 85' lang='grc'>47;6,</span> <span class='ocrx_word' id='word_1_140' title='bbox 841 1937 874 2001; x_wconf 97' lang='lat' dir='ltr'>in</span> <span class='ocrx_word' id='word_1_141' title='bbox 899 1936 1022 2002; x_wconf 91' lang='lat' dir='ltr'>Archil.</span> <span class='ocrx_word' id='word_1_142' title='bbox 1049 1937 1144 2002; x_wconf 90' lang='grc'>26;6.</span> 
     </span>
    </p>
   </div>
   <div class='ocr_carea' id='block_1_4' title="bbox 562 2239 915 2483">
    <p class='ocr_par' dir='ltr' id='par_1_4' title="bbox 562 2239 915 2483">
     <span class='ocr_line' id='line_1_16' title="bbox 694 2239 788 2320; baseline 0.032 -18"><span class='ocrx_word' id='word_1_143' title='bbox 694 2243 711 2320; x_wconf 69' lang='lat' dir='ltr'>a</span> <span class='ocrx_word' id='word_1_144' title='bbox 737 2239 788 2306; x_wconf 86' lang='lat'>11.</span> 
     </span>
     <span class='ocr_line' id='line_1_17' title="bbox 562 2401 915 2483; baseline 0 -1"><span class='ocrx_word' id='word_1_145' title='bbox 562 2401 625 2482; x_wconf 86' lang='grc'>05</span> <span class='ocrx_word' id='word_1_146' title='bbox 652 2401 915 2483; x_wconf 89' lang='lat' dir='ltr'>tetrametro</span> 
     </span>
    </p>
   </div>
   <div class='ocr_carea' id='block_1_5' title="bbox 154 2577 1329 4479">
    <p class='ocr_par' dir='ltr' id='par_1_5' title="bbox 154 2577 1328 2874">
     <span class='ocr_line' id='line_1_18' title="bbox 242 2577 1328 2661; baseline -0.001 -18"><span class='ocrx_word' id='word_1_147' title='bbox 242 2580 332 2643; x_wconf 89' lang='lat' dir='ltr'>Bene</span> <span class='ocrx_word' id='word_1_148' title='bbox 363 2577 616 2659; x_wconf 88' lang='lat' dir='ltr'>disputaverunt</span> <span class='ocrx_word' id='word_1_149' title='bbox 641 2579 812 2661; x_wconf 79' lang='grc'>0111151155,</span> <span class='ocrx_word' id='word_1_150' title='bbox 846 2583 977 2644; x_wconf 91' lang='lat' dir='ltr'>secutus</span> <span class='ocrx_word' id='word_1_151' title='bbox 1010 2585 1047 2643; x_wconf 90' lang='lat' dir='ltr'>ut</span> <span class='ocrx_word' id='word_1_152' title='bbox 1081 2579 1203 2643; x_wconf 88' lang='lat' dir='ltr'>assolet</span> <span class='ocrx_word' id='word_1_153' title='bbox 1227 2578 1328 2642; x_wconf 88' lang='lat' dir='ltr'>Ross-</span> 
     </span>
     <span class='ocr_line' id='line_1_19' title="bbox 154 2684 1328 2768; baseline 0 -19"><span class='ocrx_word' id='word_1_154' title='bbox 154 2685 314 2763; x_wconf 87' lang='lat' dir='ltr'>bachium‚</span> <span class='ocrx_word' id='word_1_155' title='bbox 340 2689 373 2748; x_wconf 91' lang='lat' dir='ltr'>et</span> <span class='ocrx_word' id='word_1_156' title='bbox 398 2684 596 2749; x_wconf 88' lang='lat' dir='ltr'>Zielinskius</span> <span class='ocrx_word' id='word_1_157' title='bbox 621 2689 655 2749; x_wconf 92' lang='lat' dir='ltr'>et</span> <span class='ocrx_word' id='word_1_158' title='bbox 677 2684 824 2766; x_wconf 87' lang='lat' dir='ltr'>inprimis</span> <span class='ocrx_word' id='word_1_159' title='bbox 848 2685 1049 2768; x_wconf 88' lang='lat' dir='ltr'>Rumpelius‚</span> <span class='ocrx_word' id='word_1_160' title='bbox 1075 2685 1192 2765; x_wconf 88' lang='lat' dir='ltr'>quibus</span> <span class='ocrx_word' id='word_1_161' title='bbox 1222 2703 1328 2767; x_wconf 89' lang='lat' dir='ltr'>pauca</span> 
     </span>
     <span class='ocr_line' id='line_1_20' title="bbox 154 2791 629 2874; baseline 0.002 -19"><span class='ocrx_word' id='word_1_162' title='bbox 154 2797 284 2856; x_wconf 91' lang='lat' dir='ltr'>tantum</span> <span class='ocrx_word' id='word_1_163' title='bbox 309 2791 518 2874; x_wconf 88' lang='lat' dir='ltr'>adiungenda</span> <span class='ocrx_word' id='word_1_164' title='bbox 542 2796 629 2857; x_wconf 91' lang='lat' dir='ltr'>sunt.</span> 
     </span>
    </p>

    <p class='ocr_par' dir='ltr' id='par_1_6' title="bbox 154 2897 1329 4260">
     <span class='ocr_line' id='line_1_21' title="bbox 246 2897 1328 2982; baseline 0 -20"><span class='ocrx_word' id='word_1_165' title='bbox 246 2899 273 2963; x_wconf 89' lang='lat'>1.</span> <span class='ocrx_word' id='word_1_166' title='bbox 299 2898 481 2982; x_wconf 87' lang='lat' dir='ltr'>Leopoldus</span> <span class='ocrx_word' id='word_1_167' title='bbox 502 2897 648 2962; x_wconf 82' lang='lat' dir='ltr'>Schmidt</span> <span class='ocrx_word' id='word_1_168' title='bbox 672 2898 712 2963; x_wconf 92' lang='lat' dir='ltr'>de</span> <span class='ocrx_word' id='word_1_169' title='bbox 736 2897 845 2963; x_wconf 89' lang='lat' dir='ltr'>ethica</span> <span class='ocrx_word' id='word_1_170' title='bbox 868 2898 998 2963; x_wconf 90' lang='lat' dir='ltr'>ratione</span> <span class='ocrx_word' id='word_1_171' title='bbox 1015 2898 1147 2980; x_wconf 87' lang='lat' dir='ltr'>egregie</span> <span class='ocrx_word' id='word_1_172' title='bbox 1164 2897 1328 2980; x_wconf 88' lang='lat' dir='ltr'>professus</span> 
     </span>
     <span class='ocr_line' id='line_1_22' title="bbox 155 3003 1329 3089; baseline -0.001 -19"><span class='ocrx_word' id='word_1_173' title='bbox 155 3011 219 3070; x_wconf 87' lang='lat' dir='ltr'>est:</span> <span class='ocrx_word' id='word_1_174' title='bbox 269 3005 418 3089; x_wconf 82' lang='lat' dir='ltr'>„omnino</span> <span class='ocrx_word' id='word_1_175' title='bbox 455 3004 779 3070; x_wconf 85' lang='lat' dir='ltr'>animadvertendum</span> <span class='ocrx_word' id='word_1_176' title='bbox 816 3009 866 3069; x_wconf 91' lang='lat' dir='ltr'>est</span> <span class='ocrx_word' id='word_1_177' title='bbox 906 3003 995 3069; x_wconf 91' lang='lat' dir='ltr'>inter</span> <span class='ocrx_word' id='word_1_178' title='bbox 1030 3004 1138 3070; x_wconf 91' lang='lat' dir='ltr'>omnia</span> <span class='ocrx_word' id='word_1_179' title='bbox 1175 3023 1329 3070; x_wconf 88' lang='lat' dir='ltr'>versuum</span> 
     </span>
     <span class='ocr_line' id='line_1_23' title="bbox 154 3109 1329 3195; baseline -0.003 -18"><span class='ocrx_word' id='word_1_180' title='bbox 154 3131 276 3195; x_wconf 90' lang='lat' dir='ltr'>genera</span> <span class='ocrx_word' id='word_1_181' title='bbox 299 3132 383 3193; x_wconf 90' lang='lat' dir='ltr'>quae</span> <span class='ocrx_word' id='word_1_182' title='bbox 407 3111 498 3179; x_wconf 87' lang='lat' dir='ltr'>dives</span> <span class='ocrx_word' id='word_1_183' title='bbox 518 3129 710 3194; x_wconf 86' lang='lat' dir='ltr'>graecorum</span> <span class='ocrx_word' id='word_1_184' title='bbox 733 3116 904 3193; x_wconf 91' lang='lat' dir='ltr'>poetarum</span> <span class='ocrx_word' id='word_1_185' title='bbox 928 3129 1013 3178; x_wconf 89' lang='lat' dir='ltr'>vena</span> <span class='ocrx_word' id='word_1_186' title='bbox 1028 3109 1216 3193; x_wconf 88' lang='lat' dir='ltr'>procreavit</span> <span class='ocrx_word' id='word_1_187' title='bbox 1239 3109 1329 3175; x_wconf 90' lang='lat' dir='ltr'>aliud</span> 
     </span>
     <span class='ocr_line' id='line_1_24' title="bbox 154 3217 1329 3300; baseline -0.002 -17"><span class='ocrx_word' id='word_1_188' title='bbox 154 3220 277 3284; x_wconf 89' lang='lat' dir='ltr'>nullum</span> <span class='ocrx_word' id='word_1_189' title='bbox 302 3220 476 3300; x_wconf 87' lang='lat' dir='ltr'>essequod</span> <span class='ocrx_word' id='word_1_190' title='bbox 498 3224 566 3284; x_wconf 88' lang='lat' dir='ltr'>tam</span> <span class='ocrx_word' id='word_1_191' title='bbox 582 3218 778 3300; x_wconf 89' lang='lat' dir='ltr'>multiplices</span> <span class='ocrx_word' id='word_1_192' title='bbox 802 3217 926 3299; x_wconf 90' lang='lat' dir='ltr'>species</span> <span class='ocrx_word' id='word_1_193' title='bbox 943 3217 1119 3298; x_wconf 88' lang='lat' dir='ltr'>assumpsit</span> <span class='ocrx_word' id='word_1_194' title='bbox 1137 3223 1329 3297; x_wconf 88' lang='lat' dir='ltr'>tantamque</span> 
     </span>
     <span class='ocr_line' id='line_1_25' title="bbox 155 3323 1327 3393; baseline -0.004 -2"><span class='ocrx_word' id='word_1_195' title='bbox 155 3326 283 3391; x_wconf 88' lang='lat' dir='ltr'>ethicae</span> <span class='ocrx_word' id='word_1_196' title='bbox 306 3326 445 3391; x_wconf 87' lang='lat' dir='ltr'>rationis</span> <span class='ocrx_word' id='word_1_197' title='bbox 469 3327 667 3393; x_wconf 88' lang='lat' dir='ltr'>varietatem</span> <span class='ocrx_word' id='word_1_198' title='bbox 691 3325 824 3391; x_wconf 92' lang='lat' dir='ltr'>admisit</span> <span class='ocrx_word' id='word_1_199' title='bbox 853 3345 891 3391; x_wconf 91' lang='lat' dir='ltr'>ae</span> <span class='ocrx_word' id='word_1_200' title='bbox 914 3330 1109 3392; x_wconf 89' lang='lat' dir='ltr'>tetrameter</span> <span class='ocrx_word' id='word_1_201' title='bbox 1132 3323 1327 3389; x_wconf 90' lang='lat' dir='ltr'>trochaicus.</span> 
     </span>
     <span class='ocr_line' id='line_1_26' title="bbox 154 3432 1329 3516; baseline -0.003 -17"><span class='ocrx_word' id='word_1_202' title='bbox 154 3451 241 3499; x_wconf 88' lang='lat' dir='ltr'>nune</span> <span class='ocrx_word' id='word_1_203' title='bbox 266 3451 368 3515; x_wconf 87' lang='lat' dir='ltr'>grave</span> <span class='ocrx_word' id='word_1_204' title='bbox 397 3439 431 3497; x_wconf 92' lang='lat' dir='ltr'>et</span> <span class='ocrx_word' id='word_1_205' title='bbox 461 3437 620 3516; x_wconf 88' lang='lat' dir='ltr'>sedatum,</span> <span class='ocrx_word' id='word_1_206' title='bbox 650 3452 736 3498; x_wconf 93' lang='lat' dir='ltr'>nunc</span> <span class='ocrx_word' id='word_1_207' title='bbox 764 3434 871 3513; x_wconf 84' lang='lat' dir='ltr'>velox,</span> <span class='ocrx_word' id='word_1_208' title='bbox 900 3452 987 3498; x_wconf 92' lang='lat' dir='ltr'>nunc</span> <span class='ocrx_word' id='word_1_209' title='bbox 1015 3432 1135 3500; x_wconf 91' lang='lat' dir='ltr'>humile</span> <span class='ocrx_word' id='word_1_210' title='bbox 1163 3436 1197 3496; x_wconf 91' lang='lat' dir='ltr'>et</span> <span class='ocrx_word' id='word_1_211' title='bbox 1224 3449 1329 3513; x_wconf 90' lang='lat' dir='ltr'>paene</span> 
     </span>
     <span class='ocr_line' id='line_1_27' title="bbox 155 3539 1327 3624; baseline -0.005 -16"><span class='ocrx_word' id='word_1_212' title='bbox 155 3539 345 3608; x_wconf 87' lang='lat' dir='ltr'>vacillans.“</span> <span class='ocrx_word' id='word_1_213' title='bbox 400 3539 456 3621; x_wconf 89' lang='grc'>(55.</span> <span class='ocrx_word' id='word_1_214' title='bbox 489 3541 650 3624; x_wconf 84' lang='lat' dir='ltr'>metrum.)</span> <span class='ocrx_word' id='word_1_215' title='bbox 708 3539 824 3606; x_wconf 90' lang='lat' dir='ltr'>deinde</span> <span class='ocrx_word' id='word_1_216' title='bbox 858 3539 1058 3620; x_wconf 89' lang='lat' dir='ltr'>comparatis</span> <span class='ocrx_word' id='word_1_217' title='bbox 1089 3540 1207 3604; x_wconf 86' lang='lat' dir='ltr'>Aesch.</span> <span class='ocrx_word' id='word_1_218' title='bbox 1241 3556 1327 3620; x_wconf 89' lang='lat' dir='ltr'>pers.</span> 
     </span>
     <span class='ocr_line' id='line_1_28' title="bbox 157 3644 1329 3730; baseline -0.001 -20"><span class='ocrx_word' id='word_1_219' title='bbox 157 3647 229 3722; x_wconf 89' lang='grc'>157,</span> <span class='ocrx_word' id='word_1_220' title='bbox 255 3646 329 3728; x_wconf 92' lang='grc'>239,</span> <span class='ocrx_word' id='word_1_221' title='bbox 353 3645 682 3730; x_wconf 69' lang='lat' dir='ltr'>Aristophanem,</span> <span class='ocrx_word' id='word_1_222' title='bbox 705 3647 798 3712; x_wconf 82' lang='lat' dir='ltr'>Alex.</span> <span class='ocrx_word' id='word_1_223' title='bbox 821 3646 916 3729; x_wconf 84' lang='lat' dir='ltr'>lrgm.</span> <span class='ocrx_word' id='word_1_224' title='bbox 941 3647 1006 3711; x_wconf 93' lang='grc'>276</span> <span class='ocrx_word' id='word_1_225' title='bbox 1030 3645 1078 3711; x_wconf 89' lang='grc'>515</span> <span class='ocrx_word' id='word_1_226' title='bbox 1101 3644 1226 3729; x_wconf 90' lang='lat' dir='ltr'>pergit:</span> <span class='ocrx_word' id='word_1_227' title='bbox 1255 3644 1329 3728; x_wconf 84' lang='lat' dir='ltr'>„ubi</span> 
     </span>
     <span class='ocr_line' id='line_1_29' title="bbox 155 3751 1329 3835; baseline -0.003 -17"><span class='ocrx_word' id='word_1_228' title='bbox 155 3753 259 3818; x_wconf 90' lang='lat' dir='ltr'>maior</span> <span class='ocrx_word' id='word_1_229' title='bbox 282 3758 356 3818; x_wconf 90' lang='lat' dir='ltr'>erat</span> <span class='ocrx_word' id='word_1_230' title='bbox 379 3755 616 3833; x_wconf 90' lang='lat' dir='ltr'>productarum</span> <span class='ocrx_word' id='word_1_231' title='bbox 639 3753 780 3818; x_wconf 92' lang='lat' dir='ltr'>thesium</span> <span class='ocrx_word' id='word_1_232' title='bbox 803 3772 957 3818; x_wconf 92' lang='lat' dir='ltr'>numerus</span> <span class='ocrx_word' id='word_1_233' title='bbox 976 3752 1143 3835; x_wconf 87' lang='lat' dir='ltr'>singulare</span> <span class='ocrx_word' id='word_1_234' title='bbox 1166 3751 1329 3832; x_wconf 88' lang='lat' dir='ltr'>quoddam</span> 
     </span>
     <span class='ocr_line' id='line_1_30' title="bbox 155 3856 1329 3942; baseline -0.003 -18"><span class='ocrx_word' id='word_1_235' title='bbox 155 3861 281 3942; x_wconf 89' lang='lat' dir='ltr'>pondus</span> <span class='ocrx_word' id='word_1_236' title='bbox 311 3860 497 3924; x_wconf 87' lang='lat' dir='ltr'>addebatur</span> <span class='ocrx_word' id='word_1_237' title='bbox 519 3860 650 3941; x_wconf 89' lang='lat' dir='ltr'>rythmo</span> <span class='ocrx_word' id='word_1_238' title='bbox 680 3859 735 3939; x_wconf 91' lang='lat' dir='ltr'>qui</span> <span class='ocrx_word' id='word_1_239' title='bbox 764 3860 835 3925; x_wconf 93' lang='lat' dir='ltr'>sine</span> <span class='ocrx_word' id='word_1_240' title='bbox 858 3858 1011 3925; x_wconf 87' lang='lat' dir='ltr'>admixtis</span> <span class='ocrx_word' id='word_1_241' title='bbox 1041 3858 1192 3940; x_wconf 87' lang='lat' dir='ltr'>spondeis</span> <span class='ocrx_word' id='word_1_242' title='bbox 1220 3856 1329 3923; x_wconf 91' lang='lat' dir='ltr'>cursui</span> 
     </span>
     <span class='ocr_line' id='line_1_31' title="bbox 156 3964 1329 4048; baseline -0.003 -18"><span class='ocrx_word' id='word_1_243' title='bbox 156 3965 340 4048; x_wconf 89' lang='lat' dir='ltr'>aptissimus</span> <span class='ocrx_word' id='word_1_244' title='bbox 381 3985 452 4030; x_wconf 91' lang='lat' dir='ltr'>esse</span> <span class='ocrx_word' id='word_1_245' title='bbox 492 3965 582 4032; x_wconf 87' lang='lat' dir='ltr'>visus</span> <span class='ocrx_word' id='word_1_246' title='bbox 624 3967 706 4031; x_wconf 80' lang='lat' dir='ltr'>est“.</span> <span class='ocrx_word' id='word_1_247' title='bbox 777 3965 967 4033; x_wconf 83' lang='lat' dir='ltr'>observavit</span> <span class='ocrx_word' id='word_1_248' title='bbox 1007 3964 1104 4030; x_wconf 90' lang='lat' dir='ltr'>sicuti</span> <span class='ocrx_word' id='word_1_249' title='bbox 1141 3965 1329 4029; x_wconf 87' lang='lat' dir='ltr'>Hermanus</span> 
     </span>
     <span class='ocr_line' id='line_1_32' title="bbox 155 4068 1329 4156; baseline -0.005 -17"><span class='ocrx_word' id='word_1_250' title='bbox 155 4075 283 4140; x_wconf 91' lang='lat' dir='ltr'>Usener</span> <span class='ocrx_word' id='word_1_251' title='bbox 313 4075 451 4156; x_wconf 91' lang='lat' dir='ltr'>primum</span> <span class='ocrx_word' id='word_1_252' title='bbox 487 4081 521 4138; x_wconf 89' lang='lat' dir='ltr'>et</span> <span class='ocrx_word' id='word_1_253' title='bbox 553 4072 703 4153; x_wconf 90' lang='lat' dir='ltr'>quintum</span> <span class='ocrx_word' id='word_1_254' title='bbox 737 4073 924 4138; x_wconf 88' lang='lat' dir='ltr'>tetrametri</span> <span class='ocrx_word' id='word_1_255' title='bbox 955 4074 1069 4154; x_wconf 89' lang='lat' dir='ltr'>pedem</span> <span class='ocrx_word' id='word_1_256' title='bbox 1104 4071 1214 4154; x_wconf 90' lang='lat' dir='ltr'>potius</span> <span class='ocrx_word' id='word_1_257' title='bbox 1246 4068 1329 4134; x_wconf 90' lang='lat' dir='ltr'>arsis</span> 
     </span>
     <span class='ocr_line' id='line_1_33' title="bbox 156 4179 842 4260; baseline -0.001 -14"><span class='ocrx_word' id='word_1_258' title='bbox 156 4180 348 4247; x_wconf 88' lang='lat' dir='ltr'>solutionem</span> <span class='ocrx_word' id='word_1_259' title='bbox 373 4180 549 4246; x_wconf 89' lang='lat' dir='ltr'>admittere</span> <span class='ocrx_word' id='word_1_260' title='bbox 572 4199 668 4260; x_wconf 90' lang='lat' dir='ltr'>quam</span> <span class='ocrx_word' id='word_1_261' title='bbox 692 4179 842 4259; x_wconf 91' lang='lat' dir='ltr'>reliquos.</span> 
     </span>
    </p>

    <p class='ocr_par' dir='ltr' id='par_1_7' title="bbox 155 4281 1329 4479">
     <span class='ocr_line' id='line_1_34' title="bbox 245 4281 1329 4370; baseline -0.006 -18"><span class='ocrx_word' id='word_1_262' title='bbox 245 4289 273 4353; x_wconf 86' lang='lat'>2.</span> <span class='ocrx_word' id='word_1_263' title='bbox 298 4288 390 4370; x_wconf 82' lang='lat' dir='ltr'>Quae</span> <span class='ocrx_word' id='word_1_264' title='bbox 416 4287 583 4353; x_wconf 89' lang='lat' dir='ltr'>sententia</span> <span class='ocrx_word' id='word_1_265' title='bbox 602 4286 772 4352; x_wconf 87' lang='lat' dir='ltr'>Schmidtii</span> <span class='ocrx_word' id='word_1_266' title='bbox 796 4288 836 4351; x_wconf 93' lang='lat' dir='ltr'>de</span> <span class='ocrx_word' id='word_1_267' title='bbox 859 4285 969 4351; x_wconf 90' lang='lat' dir='ltr'>ethica</span> <span class='ocrx_word' id='word_1_268' title='bbox 992 4284 1121 4350; x_wconf 89' lang='lat' dir='ltr'>ratione</span> <span class='ocrx_word' id='word_1_269' title='bbox 1144 4281 1329 4348; x_wconf 90' lang='lat' dir='ltr'>tetrametri</span> 
     </span>
     <span class='ocr_line' id='line_1_35' title="bbox 155 4394 892 4479; baseline -0.001 -20"><span class='ocrx_word' id='word_1_270' title='bbox 155 4395 261 4477; x_wconf 87' lang='lat' dir='ltr'>magis</span> <span class='ocrx_word' id='word_1_271' title='bbox 283 4397 443 4479; x_wconf 87' lang='lat' dir='ltr'>probatur</span> <span class='ocrx_word' id='word_1_272' title='bbox 466 4396 527 4459; x_wconf 89' lang='lat' dir='ltr'>hac</span> <span class='ocrx_word' id='word_1_273' title='bbox 550 4394 666 4460; x_wconf 89' lang='lat' dir='ltr'>tabula</span> <span class='ocrx_word' id='word_1_274' title='bbox 691 4395 892 4460; x_wconf 89' lang='lat' dir='ltr'>schematum</span> 
     </span>
    </p>
   </div>
   <div class='ocr_carea' id='block_1_6' title="bbox 0 0 1642 5154">
    <p class='ocr_par' dir='ltr' id='par_1_8' title="bbox 0 0 1642 5154">
     <span class='ocr_line' id='line_1_36' title="bbox 0 0 1642 5154; baseline 0 0"><span class='ocrx_word' id='word_1_275' title='bbox 0 0 1642 5154; x_wconf 95' lang='lat' dir='ltr'> </span> 
     </span>
    </p>
   </div>
  </div>
 </body>
</html>
