3232 5148
627 385 907 494 --53-⁸

256 579 393 644 Lobeck
422 580 472 645 ad.
505 579 602 660 Soph.
632 579 683 644 Αἰ.
714 580 775 644 191
806 580 862 661 qui
895 600 1031 664 graecos
1053 582 1144 649 illum
1176 585 1324 651 dativum

257 711 307 772 μοι
332 705 372 750 ex
388 688 502 751 crebro
527 706 587 751 usu
612 686 745 753 auribus
760 686 986 754 inhaerentem
1011 697 1043 754 et
1068 709 1165 772 saepe
1182 695 1324 778 φράσεως

257 797 349 859 ἕνεκα
374 793 529 877 additum,
552 792 717 858 interdum
741 793 873 860 brevius
898 796 1133 877 obscuriusque
1152 799 1323 879 pronunti-

255 919 332 965 asse
356 906 486 967 censet:
1071 987 1074 994 Ι

409 1011 437 1073 τί
451 1009 497 1108 Ε
515 1014 572 1073 οὐκ
596 1011 716 1087 ἔδωκας
739 1012 864 1096 χρυσόν,
889 1014 1022 1096 ἀργύρου
1045 1014 1161 1098 aolino,

252 1112 312 1178 ubi
335 1113 420 1178 Fick
440 1122 473 1179 et
491 1114 748 1180 Hiller-Crusius
771 1117 929 1192 adversus
952 1115 1109 1183 librorum
1126 1117 1322 1200 scripturam

256 1220 413 1287 librorum
443 1240 486 1287 sc.
512 1220 547 1285 iu
579 1221 629 1286 his
659 1224 757 1287 rebus
787 1211 877 1288 nulla
909 1223 1104 1306 auctoritas)
1132 1229 1159 1291 τί
1187 1250 1237 1312 μοι
1266 1233 1323 1293 οὐκ

255 1327 471 1408 scripserunt,
503 1348 600 1408 quam
631 1329 851 1394 coniecturam
876 1350 1069 1411 quamquam
1100 1331 1249 1397 similiter
1270 1333 1322 1397 in-

254 1434 390 1514 scriptio
418 1435 554 1500 metrica
583 1454 667 1501 saec.
693 1437 746 1501 ΠΙ
770 1456 798 1501 a.
824 1437 897 1502 Chr.
927 1457 958 1504 u.
991 1437 1227 1521 diphthongum
1257 1459 1322 1506 non

254 1542 420 1606 sublatum
445 1541 590 1607 exhibet:

405 1637 532 1736 χάριτάς
557 1674 606 1735 μοι
632 1653 797 1717 ἀπέδωκαν
822 1680 844 1706 υ
869 1681 891 1706 υ
915 1701 940 1713 -
964 1681 986 1706 υ
1011 1683 1033 1707 υ
1058 1702 1083 1714 -
1106 1652 1160 1738 J)
1235 1673 1237 1680 ⁴

254 1757 430 1836 eodemque
454 1758 547 1821 modo
571 1775 713 1822 marmor
736 1757 883 1840 Cyzicen.
924 1757 1063 1840 (Kaibel,
1088 1759 1177 1840 ibid.)

290 1869 348 1928 οὐκ
371 1867 485 1950 ἔφυγον
507 1844 674 1950 6’άτρεκῶς
697 1867 821 1951 Μοιρῶν
845 1869 939 1952 μίτον,
963 1870 995 1944 ὃς
1020 1891 1069 1953 μοι
1093 1869 1276 1955 ἐπεκλώσθη

253 1968 433 2049 speciosam
456 1988 561 2051 neque
585 1990 663 2035 vero
686 1971 886 2052 probabilem
911 1991 984 2038 esse
1014 1973 1174 2040 existimo.
1226 1980 1321 2039 tueor

253 2074 354 2140 etiam
367 2078 603 2158 apostrophum
616 2079 759 2160 Theogn.
776 2099 806 2144 ν.
826 2080 921 2160 1115,
944 2079 1001 2160 qui
1016 2081 1113 2164 vulgo
1134 2081 1181 2146 sic
1199 2081 1321 2164 legitur

485 2186 616 2270 χρήματ’
641 2189 722 2272 ἔχων
745 2189 850 2272 πενίην
866 2188 904 2284 p'
929 2190 1085 2266 ὠνείδισας

253 2291 311 2354 sed
336 2309 431 2369 quem
454 2291 574 2373 Bergk.
600 2291 706 2356 Hiller
731 2292 788 2357 alii
815 2318 865 2378 μοι
897 2297 1045 2371 ὀνείδισας
1069 2294 1318 2377 rescripserunt.

251 2415 328 2461 nam
361 2396 496 2478 „idonea
529 2415 631 2463 causa
664 2397 825 2464 elisionis“
862 2419 957 2479 quam
991 2402 1112 2484 Bergk.
1147 2399 1319 2487 desiderat,

252 2503 330 2568 inde
354 2506 502 2569 ducenda
526 2515 585 2585 est,
611 2507 697 2585 quod
717 2507 816 2570 talem
841 2506 1082 2588 correptionem
1104 2508 1138 2572 in
1161 2508 1320 2575 incisione

253 2611 422 2675 trochaica
432 2611 484 2676 ΙΠ
495 2611 587 2692 pedis
604 2612 740 2694 elegiaci
753 2613 879 2679 evitare
892 2615 1034 2699 student,
1051 2619 1320 2696 quemadmodum

252 2721 269 2798 ξ
294 2718 313 2781 3
337 2719 390 2782 ΠΙ
414 2719 642 2785 demonstravi.

194 2825 226 2887 4.
252 2827 292 2889 de
316 2825 462 2890 clausula
487 2850 531 2890 oco
554 2825 620 2891 iam
637 2845 737 2907 supra
753 2826 807 2913 §3
832 2826 909 2906 dixi,
935 2831 1021 2894 unde
1044 2828 1084 2894 fr.
1104 2831 1145 2893 77
1162 2831 1318 2898 Διωνύσου

251 2933 437 2997 tenendum.

233 3057 307 3120 Non
323 3076 402 3123 vero
416 3057 541 3139 pariter
559 3057 669 3123 omnes
688 3061 787 3139 pedes
803 3059 1037 3144 synalipham2)
1056 3060 1244 3142 admittunt,
1261 3065 1317 3127 sed

197 3182 225 3247 1.
250 3181 289 3245 in
312 3182 538 3247 hexametro
562 3201 620 3264 pes
637 3190 775 3264 quartus
795 3189 828 3248 et
845 3183 980 3264 quintus
997 3190 1031 3249 et
1046 3184 1185 3270 sextus3)
1203 3192 1318 3251 carent

254 3288 437 3369 synalipha.
466 3292 578 3371 pedem
598 3295 751 3371 quartum
773 3297 807 3356 et
823 3297 950 3356 sextum
967 3291 1037 3356 iere
1055 3311 1164 3357 omnes
1181 3292 1318 3375 elegiaci

251 3394 453 3476 antiquiores
463 3395 539 3461 inde
556 3398 597 3461 ab
608 3397 804 3462 Archilocho
816 3417 918 3477 usque
932 3400 973 3462 ad
984 3398 1207 3480 Theognidem
1218 3419 1317 3481 syna-

250 3500 340 3582 lipha
350 3501 523 3568 immunem
534 3509 721 3571 servarunt:
735 3503 944 3585 exceptiones
955 3504 1245 3571 habeslllimnerm.
1256 3508 1314 3589 1,5.

233 3712 255 3782 1)
275 3714 382 3782 Kaibel,
402 3714 601 3782 epigrammata
620 3729 720 3784 graeca
739 3732 770 3770 ex
787 3716 923 3784 lapidibus
938 3717 1053 3772 collecta
1065 3717 1147 3772 Berol
1157 3716 1236 3786 1878,
1247 3719 1316 3785 95‚6.

232 3801 253 3870 ²)
273 3802 537 3872 Episynalipha
557 3804 683 3873 [quaein
708 3805 761 3859 fine
787 3805 937 3860 hexametri
962 3823 1003 3874 ap.
1024 3807 1159 3875 elegiacos
1179 3807 1317 3860 rarissime

140 3890 300 3945 admittitur
319 3893 461 3960 (quattuor
480 3895 602 3961 exempla
629 3909 711 3961 penes
730 3894 762 3958 A.
782 3895 905 3964 Langen,
935 3895 968 3949 de
996 3895 1112 3950 disticho
1134 3911 1175 3964 gr.
1196 3895 1316 3964 elegiaco

143 3979 212 4034 1868
231 3995 294 4049 pag.
314 3983 346 4048 2;
375 3982 473 4035 Kaibel
501 3983 586 4051 epigr.
605 3983 695 4051 coba),
722 3983 830 4051 saepius
857 3984 887 4037 in
914 3983 967 4038 fine
995 3984 1114 4038 trimetri
1132 4001 1174 4052 ap.
1195 3985 1316 4054 tragicos

141 4067 264 4138 (Krdger
282 4069 317 4122 di.
338 4070 406 4138 11,3,
427 4070 465 4139 5)]
485 4070 528 4124 vel
554 4070 623 4134 εἶδος
641 4074 803 4137 Σοφόκλειον
832 4073 901 4140 quod
930 4072 1030 4127 dicitur
1056 4073 1150 4142 (schol.
1169 4072 1315 4142 Hephaest.

140 4172 166 4223 p.
187 4158 238 4211 144
257 4158 301 4211 W.
322 4158 386 4211 Ath.
405 4159 431 4212 X
449 4160 510 4228 543,
539 4159 716 4214 Choerobosci
740 4160 768 4214 in
787 4161 874 4230 Heph.
894 4161 993 4216 enchir.
1013 4166 1155 4216 comment.
1174 4179 1199 4230 p.
1219 4163 1262 4226 67,
1282 4161 1317 4216 68

141 4245 175 4298 ed
192 4246 444 4301 Hoorschelmannn
469 4248 497 4300 in
523 4248 665 4302 ‘anecdota
684 4266 708 4304 v.
728 4253 778 4319 gr!
798 4250 831 4304 ed
850 4251 1027 4319 Studemund,
1053 4251 1142 4305 Berol.
1163 4251 1243 4318 1886)
1262 4266 1316 4304 non

140 4335 279 4390 invenitur
298 4352 340 4403 ap.
360 4336 559 4392 Archilochum.

229 4422 251 4493 ³)
271 4425 361 4479 Semel
379 4425 472 4489 δὀῐνος
491 4427 533 4495 2,1
554 4425 692 4497 (Synesius
711 4426 820 4481 exhibet
839 4432 895 4494 δορὶ
914 4427 992 4493 οἶνος,
1010 4431 1032 4481 δ’
1052 4428 1159 4496 deleto).
