3232 5148
800 391 1000 456 ,8.-

313 589 466 669 exempla
500 592 586 664 sunt,
618 582 675 652 sed
707 587 806 652 etiam
835 587 870 651 in
903 586 953 652 his
984 587 1090 669 poetis
1119 587 1271 671 elegiacis
1293 589 1501 674 Mimnermo,

314 694 439 778 Solone,
450 694 644 777 Demodoco‚
655 693 843 777 Phocylida
853 694 1039 784 Sapphone,
1049 693 1261 784 Xenophane,
1270 696 1496 776 Anacreonte,

314 801 451 882 Brinno,
477 800 667 884 Theognide
683 804 761 866 cett.
779 799 855 867 vide
870 801 996 866 Goebel
1012 821 1042 882 p.
1059 801 1079 865 3
1096 820 1173 881 squ,
1193 801 1255 878 18.,
1273 802 1390 882 quibus
1406 807 1497 870 addo

313 907 568 990 iambographos
591 907 793 972 Semonidem
817 909 960 990 Amorg.‚
993 908 1244 992 Hipponactem‚
1268 910 1496 992 Hermippum.

314 1013 413 1094 quid?
454 1016 537 1094 quod
561 1014 608 1079 illi
631 1013 695 1096 ipsi
710 1013 775 1080 viri
798 1013 893 1098 docti,
916 1014 972 1095 qui
991 1014 1204 1080 consentiunt
1227 1018 1335 1103 ἔβρυζε
1354 1025 1498 1099 propter

317 1120 557 1201 correptionem
583 1125 772 1201 corruptum
801 1139 880 1205 esse,
908 1121 993 1186 idem
1018 1121 1134 1189 vitium
1163 1123 1249 1202 quod
1273 1128 1393 1204 putant
1418 1125 1496 1190 aliis

314 1227 502 1292 Archilochi
518 1228 667 1296 versibus
689 1227 854 1292 inculcare
878 1247 943 1293 non
962 1228 1139 1294 dubitant?
1168 1230 1333 1312 Bergkius
1352 1231 1408 1312 qni
1426 1234 1447 1297 l.
1467 1251 1495 1297 c.

466 1347 468 1354 '
538 1337 662 1421 βρυάζει
685 1336 778 1401 vel
761 1359 782 1421 η
806 1336 833 1401 Θ
836 1337 902 1422 papii
926 1339 962 1401 ἂν
986 1339 1006 1421 ἢ
1031 1337 1118 1422 Φρὺξ
1142 1338 1272 1423 ἐβρὺαζε

314 1441 475 1524 proponit,
499 1443 702 1506 commendat
725 1461 798 1524 pag.
822 1442 887 1507 405
912 1442 1016 1507 adiu.
1042 1443 1138 1509 rev.
1164 1443 1200 1508 5:

694 1552 736 1626 εἰς
761 1551 942 1635 ἀνανδίηνά
920 1551 1033 1646 —pci
1057 1553 1115 1616 κτλ

703 1656 1104 1736 ὲυὲσὲυωὲυ

312 1759 405 1825 initio
421 1763 578 1827 tetramet
564 1761 616 1827 tri.
642 1761 754 1827 similit
740 1766 792 1826 ter
807 1764 970 1846 Hartung‚
994 1763 1050 1842 qui
1066 1765 1179 1850 βρὺαζε
1196 1763 1328 1845 scripsit
1348 1764 1492 1850 (griech

314 1869 375 1950 lyr.
406 1869 434 1934 V
464 1887 538 1950 pag.
567 1867 623 1952 90)
658 1868 767 1934 adir.
798 1869 1003 1934 7811111111
1035 1889 1167 1936 versum
1200 1871 1410 1957 (trimetrum)
1443 1872 1495 1939 sic

313 1973 535 2057 excogitavit:

553 2086 588 2146 οὐ
614 2087 672 2168 μὴν
697 2088 735 2150 σὺ
758 2085 882 2180 κληθεὶς
906 2084 996 2170 ἦλθες
1020 2084 1069 2150 cicc
1094 2088 1130 2171 δὴ
1155 2087 1251 2171 φίλος,

402 2188 494 2252 Diels
520 2188 658 2268 denique
684 2190 726 2254 ad
751 2188 791 2254 11.
818 2189 894 2255 143;

653 2297 754 2382 τέττιγ
754 2295 899 2393 Λάξω
918 2309 973 2362 τοῦ
992 2297 1143 2384 11111ῦέ)

314 2419 398 2480 quae
414 2420 487 2465 cum
501 2401 550 2466 ita
566 2401 677 2480 sinte
662 2404 770 2489 ἔβρυζε
785 2422 851 2467 non
867 2408 1003 2484 propter
1019 2408 1149 2484 corrept
1151 2389 1263 2496 ionem,
1280 2406 1337 2469 sed
1353 2411 1451 2486 propt
1453 2424 1494 2470 cr

313 2526 444 2572 sensum
476 2507 597 2573 solhmt
599 2510 719 2574 andum
753 2516 812 2592 est,
852 2529 914 2589 qno
945 2512 1099 2592 adducor,
1132 2516 1168 2575 ut
1155 2487 1431 2577 tWilamowit
1388 2516 1491 2576 tmum

313 2632 439 2698 sequar,
473 2615 529 2695 qui
552 2619 645 2713 effic
668 2635 746 2682 vere
769 2611 914 2682 correxit
936 2619 1089 2700 (Hermae
1112 2617 1177 2703 33)
1225 2624 1314 2684 resta
1295 2618 1491 2683 attcrtium

312 2715 503 2802 exemplum
520 2689 827 2804 correptionisa
807 2724 990 2789 atticae
980 2744 1015 2789 in
1040 2725 1081 2790 fr.
1100 2725 1279 2792 Reitzenst.
1302 2728 1381 2791 B4:
1407 2725 1490 2791 οἶδεν

312 2831 572 2926 ἄριστα-βροτῶν,
611 2832 695 2909 quod
727 2831 945 2912 genuinumne
978 2837 1067 2897 esset
1096 2833 1247 2899 Blassius
1279 2834 1370 2920 (mue.
1394 2833 1487 2897 rhen

312 2935 372 3000 LV
399 2935 473 3019 102)
497 2936 583 3001 trust
569 2940 623 3001 tra
645 2935 680 3001 in
703 2937 941 3002 dubitationem
964 2938 1107 3005 vocavit
1110 2938 1135 3023 2)

400 3041 442 3106 Si
470 3041 596 3124 igitur
626 3062 645 3107 1
675 3068 711 3128 γν
743 3043 814 3107 litt
779 3049 977 3109 tterarum
1006 3044 1201 3108 iunctura
1239 3044 1487 3110 discesseris

312 3147 404 3232 (ante
417 3168 513 3228 quarn
526 3168 631 3230 neque
645 3149 678 3213 in
691 3151 756 3215 ullo
770 3168 889 3232 genere
901 3169 1037 3229 usquam
1050 3156 1188 3230 po‘e'seos
1201 3169 1341 3232 graecae
1355 3170 1486 3232 correp-

312 3255 433 3320 tionem
450 3256 579 3321 admitti
592 3260 625 3321 et
637 3256 882 3337 productionem
899 3268 1011 3323 κοινῶν
1024 3259 1148 3324 ἐννοιῶν
1159 3275 1232 3322 esse
1243 3276 1337 3323 nemo
1348 3263 1398 3322 est
1408 3257 1485 3338 quin

312 3361 408 3443 sciat)
435 3364 584 3427 nullum
613 3362 787 3428 invenies
812 3363 1027 3443 exemplum
1050 3364 1202 3430 vocalis
1229 3371 1320 3430 ante
1345 3369 1486 3430 mutam

312 3488 337 3534 c.
355 3469 374 3534 l.
390 3471 429 3534 in
447 3470 545 3536 thesi
560 3473 783 3550 productae.
811 3489 877 3534 non
894 3474 988 3535 extat
1004 3470 1039 3536 in
1055 3471 1203 3537 versibus
1222 3471 1394 3554 dactylicis
1413 3490 1484 3552 pro-

312 3575 431 3659 ductio,
442 3576 602 3657 correptio
614 3596 681 3643 una
693 3580 771 3640 ante
784 3578 898 3664 βροτός.
922 3577 1073 3658 profecto
1086 3580 1128 3644 ad
1140 3597 1326 3643 mensuram
1338 3577 1485 3660 syllabae

311 3680 562 3749 existimandam
573 3683 684 3767 magni
695 3683 842 3768 interest,
852 3688 962 3750 utrum
971 3684 1006 3749 in
1015 3685 1201 3752 sublatione
1212 3705 1254 3750 an
1262 3684 1423 3766 positione
1433 3683 1484 3750 sit.

311 3807 387 3852 nam
403 3808 619 3870 unaquaeque
635 3791 764 3872 syllaba
782 3790 816 3854 in
833 3791 994 3872 positione
1009 3792 1107 3874 longa
1124 3793 1342 3859 sublationem
1357 3809 1484 3871 quoque

311 3895 423 3974 efficit,
434 3914 499 3961 non
511 3880 705 3963 sublationis
716 3897 843 3978 syllaba
854 3897 974 3978 ubique
982 3898 1152 3979 positionis
1162 3901 1279 3982 longae
1288 3899 1376 3966 vices
1385 3898 1482 3964 susci-

399 4089 421 4160 1)
440 4091 473 4144 de
492 4091 659 4158 correptione
678 4096 742 4146 ante
761 4091 873 4158 stirpem
893 4092 1013 4159 operef.
1033 4093 1065 4149 A.
1084 4092 1222 4158 Ludwich,
1242 4092 1328 4148 Beitr.
1347 4109 1370 4144 z.
1390 4091 1438 4144 Kr.
1459 4091 1482 4144 d.

312 4179 398 4233 Nonn.
418 4196 443 4234 v.
463 4180 494 4234 P.
515 4180 585 4234 1873
603 4196 629 4248 p.
649 4181 683 4234 14
702 4196 746 4247 sq:
776 4181 827 4234 ‘bei
846 4180 906 4234 dem
925 4181 1046 4235 Verbum
1070 4181 1223 4250 iiberwiegt
1242 4210 1275 4220 -·
1295 4181 1337 4234 die
1356 4179 1484 4249 Neigung

310 4267 355 4320 llir
372 4268 415 4321 die
433 4269 654 4338 Positlonsldnge
667 4301 701 4308 -
712 4270 788 4324 nicht
807 4286 836 4323 so
855 4269 899 4324 bei
919 4265 981 4324 11111
990 4271 1197 4324 Substantivum
1208 4301 1250 4338 —,
1270 4269 1386 4323 welches
1402 4269 1483 4323 sehon

310 4357 411 4410 Homer
428 4357 480 4411 mit
498 4359 735 4427 voreusgchender
753 4361 845 4414 Ktrze
864 4360 996 4414 breucht.'

400 4443 421 4514 2)
441 4445 475 4501 cf.
496 4446 540 4503 Fr.
560 4447 623 4515 Leo,
643 4449 675 4501 de
694 4448 810 4503 Horatio
830 4454 857 4504 et
876 4449 1046 4516 Archilocho,
1067 4449 1142 4503 Gott.
1164 4449 1240 4504 1900.
