3232 5148
603 376 825 439 ..17-

117 589 186 652 pro
206 597 226 637 α
245 570 389 652 positum
410 567 558 637 videmus
575 570 656 656 (αἰεί,
677 574 786 654 αἰετὸς,
806 573 963 658 ἀγαίομαι,
984 574 1074 657 καίω,
1094 573 1217 659 κλαίω),
1241 580 1299 641 aut

117 702 147 744 ει
176 697 236 759 pro
260 703 276 772 ε
297 678 417 762 (είνειια,
432 680 571 763 εἰρωτάω
591 679 686 758 ξεῖνος
704 679 835 765 πείρατα
853 691 967 765 χειροῖν
985 682 1111 764 πλείων,
1131 683 1224 748 πνείω
1241 686 1300 748 δει-

115 788 221 864 διότες
240 787 368 872 εἰαρινὸς
388 787 518 862 είνάλιος
536 796 641 871 κρεῐας
660 786 783 851 λειαίνω
810 787 963 872 ὑπειρίχω
985 798 1087 875 χρεῖος
1106 787 1159 872 εἰς)
1181 792 1240 853 aut
1263 813 1299 854 ου

115 911 183 974 pro
206 917 223 958 ο
243 891 391 978 (γούνατα
410 894 537 977 δούρασι
557 894 654 978 κούρη
679 903 789 977 μοῦνος
815 905 923 971 νοῦσος
943 894 1109 980 Οὐλυμπος
1134 897 1299 981 οὐλόμενος

115 1003 240 1085 οὔνομα
259 1001 275 1064 ὁ
295 997 385 1085 οὐρος
403 1003 438 1063 τὸ
458 997 546 1084 οὖρος
565 1001 702 1081 πουλύς),
727 998 759 1064 J.
781 998 979 1064 Gottholdus
994 1000 1128 1064 Renner
1148 989 1296 1081 pertrac-

115 1104 248 1171 taverit
271 1104 372 1186 (Gurt.
388 1106 472 1170 stud.
495 1103 725 1190 Ilm-179),
750 1105 899 1170 Froehde
913 1105 1073 1193 (BBIH),
1099 1108 1150 1173 W.
1161 1107 1298 1172 Schnlze

116 1212 188 1297 (qu.
212 1211 282 1298 ep),
315 1211 350 1277 0.
374 1210 552 1278 Hoffmann
576 1211 650 1293 (ion.
676 1211 762 1292 dial.)
791 1211 946 1276 auxerint
980 1218 1080 1293 atque
1118 1214 1325 1306 amplifica-¹

115 1319 233 1385 verint
257 1321 387 1401 (εἴκελος
402 1316 584 1403 -ὐιελος),
613 1337 695 1398 quas
724 1337 811 1383 nunc
839 1318 952 1384 missas
981 1318 1092 1385 facere
1120 1319 1207 1400 lieet,
1241 1322 1297 1387 sed

115 1425 241 1506 quibus
273 1444 334 1508 ego
368 1443 478 1491 vocem
512 1426 607 1505 addo,
640 1424 732 1490 ouius
763 1424 985 1508 diphthongus
1018 1451 1052 1492 ευ
1087 1429 1297 1509 respondete

114 1532 241 1598 vocali:
270 1535 398 1610 εὐθείαις
422 1532 515 1614 Tyrt.
542 1531 605 1617 4,6,
629 1533 746 1599 εὐθύνει
764 1531 826 1597 Sol.
846 1533 931 1615 4,37,
955 1534 1076 1600 εὐθεῖαν
1099 1533 1161 1599 Sol.
1186 1534 1294 1615 36,17‚

115 1641 290 1727 εὐθυντῆρα
313 1640 458 1720 Theogn.
475 1639 528 1718 40,
553 1640 716 1725 εὐθύτερον
738 1639 882 1722 Theogn.
899 1639 973 1717 806,
999 1641 1147 1726 (ίθύτερον
1174 1640 1295 1706 Hiller-

115 1745 269 1831 Crusius)
293 1785 337 1792 —
361 1747 493 1832 ἰθύτεραι
524 1745 668 1828 Theogn.
702 1745 797 1828 1026,
832 1747 908 1833 ἰθείῃ
944 1747 1090 1829 Theogn.
1116 1747 1192 1824 330,
1218 1749 1297 1814 ἰθεῖα

115 1852 197 1918 ibid.
229 1853 304 1932 396,
338 1853 413 1930 636,
451 1853 514 1930 tang
545 1852 619 1919 adv.
654 1851 766 1916 Callin.
800 1852 862 1931 1,9,
896 1854 1054 1939 ἰθυμάχων
1087 1852 1163 1918 Sim.
1198 1854 1293 1932 137,1

115 1958 251 2042 (Kaibel
274 1960 467 2045 εὐθυμάχων,
492 1957 748 2024 Hiller·Orusius
768 1959 982 2046 ἀγχεμάχων),
1007 1961 1085 2025 ἰθεῖα
1100 1960 1199 2025 Arch.
1217 1961 1291 2038 56‚1

116 2065 214 2148 (coni.
239 2063 423 2146 Hoffmann,
448 2064 502 2130 ion
526 2064 600 2130 dial.
623 2064 710 2150 102),
733 2064 812 2130 mihi
839 2045 1108 2146 relinquitn-n-ut
1132 2066 1294 2146 simplices

115 2173 253 2239 vocales
283 2190 367 2252 quae
395 2170 537 2254 „ancipit
540 2173 592 2237 es“
620 2178 758 2254 propter
783 2172 969 2255 ambiguam
993 2179 1146 2237 naturam
1174 2192 1293 2239 vocan-

115 2286 184 2363 tur,
207 2279 242 2345 in
256 2278 445 2345 Archilochi
457 2278 603 2359 reliquiis
621 2277 774 2362 indagem
785 2285 819 2343 et
835 2279 1005 2344 occasione
1021 2279 1110 2344 oblat
1097 2280 1294 2401 taexempla

116 2405 160 2452 ex
184 2384 396 2468 elegiaciset
418 2385 663 2469 iambographis
688 2383 819 2467 sumpta
842 2384 1028 2468 adiungam
1033 2384 1058 2471 1)

226 2528 251 2593 Ι.
297 2529 346 2593 Ao
369 2527 509 2609 primum
533 2527 663 2608 quidem

611 2669 761 2736 vocalis
785 2695 805 2736 α

208 2795 239 2879 a)
264 2811 390 2877 semper
412 2794 513 2876 longa
536 2797 587 2857 est
608 2793 643 2857 in

331 2916 456 3016 Q&
475 2967 502 2979 -
521 2946 544 2972 υ
563 2917 647 3000 21,3,
672 2921 770 2985 καλὸν
785 2967 813 2979 -
832 2949 854 2974 υ
878 2919 963 3000 29,2,
990 2919 1063 2999 77,1

117 3044 209 3110 cuius
231 3042 319 3111 vocis
343 3043 500 3126 originem
515 3059 626 3109 veram
651 3062 715 3109 non
741 3061 781 3108 ex
805 3045 930 3123 *καλιάς
947 3042 1002 3129 (z
1018 3042 1149 3129 kalyas)
1171 3046 1228 3110 sed
1249 3063 1290 3110 ex
1395 3061 1399 3072 ·

109 3135 245 3229 ‘salsa
277 3151 458 3218 ducendam
493 3149 675 3216 certissime
707 3149 793 3216 Guil.
817 3131 953 3217 Schblze
989 3151 1054 3237 (qu.
1078 3169 1127 3231 ep.
1151 3152 1194 3216 80
1218 3170 1287 3232 sqq.

117 3258 182 3322 114
206 3259 265 3338 sq.)
305 3256 543 3323 demonstravit
582 3255 682 3343 (unde
715 3256 808 3323 Gust.
840 3255 990 3340 Meyer).
1043 3257 1288 3337 productionem

116 3363 263 3447 syllabae
284 3389 329 3461 κ-οι
352 3403 395 3411 -
418 3369 593 3446 praeterea
615 3363 771 3456 hislocis
795 3364 938 3446 repperi:

206 3473 233 3536 1.
256 3470 291 3535 in
315 3471 417 3536 arsi:
444 3470 636 3554 Gallinae,
661 3470 889 3551 Semon.7,51.
915 3471 967 3535 87.
993 3470 1086 3552 Tyri.
1113 3471 1175 3549 dn.
1203 3470 1287 3550 10‚1.

114 3577 224 3642 Mimn.
249 3577 312 3653 5,3.
342 3577 398 3662 (z
428 3577 573 3660 Theogn.
607 3577 705 3662 1019)
732 3578 816 3656 11,4.
845 3578 979 3659 Phocyl.
1011 3577 1061 3642 13.
1090 3577 1151 3642 Sol.
1183 3577 1287 3660 1324.

114 3684 267 3752 Simonid.
293 3683 449 3763 0.147,4.
474 3685 571 3750 Plato
588 3684 652 3763 8,1.
677 3684 820 3767 Theogn.
838 3684 888 3750 16.
907 3685 981 3748 242.
999 3683 1072 3749 609.
1097 3683 1170 3750 683.
1193 3683 1286 3748 1047.

116 3790 212 3855 1106.
239 3790 332 3855 1216.
360 3790 573 3855 1251.1329.
601 3790 695 3856 1377.
724 3825 762 3838 -
788 3790 946 3855 Aeschrio
973 3791 1001 3854 1.
1026 3790 1056 3854 4.

104 4037 109 4046 ³
205 3966 225 4036 ¹)
244 3966 383 4036 Exiguum
405 3967 449 4021 vel
474 3965 580 4019 nullum
600 3966 721 4020 fructum
748 3967 855 4035 percepi
874 3983 908 4020 ex
927 3965 1036 4020 Sitzleri
1059 3965 1285 4020 commentatione

114 4071 183 4124 qnae
201 4055 359 4110 inscribitur
379 4055 509 4124 „Studien
527 4071 590 4108 zum
609 4055 741 4125 Elegiher
759 4055 913 4126 Theognis“
935 4056 1039 4123 189511
1059 4057 1075 4108 7
1094 4071 1150 4122 sqq.

202 4143 224 4213 1)
243 4145 419 4200 Paenultima
446 4144 530 4214 longa
554 4143 584 4197 in
615 4144 779 4199 carminibus
807 4145 956 4212 homericis,
984 4144 1056 4212 apud
1075 4143 1223 4198 Hesiodum
1242 4144 1285 4199 bis

112 4232 211 4302 brevis,
241 4247 345 4302 semper
371 4234 460 4290 brevis
492 4232 565 4302 apud
592 4234 741 4288 Pindarum
776 4239 804 4288 et
830 4233 975 4297 scaenicos,
1008 4232 1080 4301 apud
1110 4231 1284 4286 Theocritum

113 4322 255 4378 duodecies
273 4323 356 4392 longa
375 4324 434 4393 (ott.
453 4324 504 4377 loo.
524 4322 631 4392 brevis).
659 4322 700 4376 cf.
713 4321 827 4390 Harder‚
846 4323 879 4376 de
899 4341 916 4374 α
934 4337 992 4377 voc.
1004 4339 1021 4390 p
1034 4322 1077 4388 23,
1096 4336 1193 4387 anceps
1212 4321 1284 4388 apud

115 4411 323 4466 Callimachum:
349 4428 372 4466 e.
391 4428 418 4483 g.
438 4417 474 4476 εἰς
493 4415 615 4480 Δήμητρα
626 4413 669 4480 26,
689 4413 724 4466 29
734 4412 789 4480 (ο),
808 4412 893 4481 epigr.
913 4412 974 4480 30,3
994 4409 1049 4480 (-).

1159 4517 1175 4570 2
